4767 6125
542 548 545 556 ’
695 520 1541 689 [mummolinum.
1835 518 1883 669 7‘1

477 756 569 854 Cap.
588 750 654 827 VI.
683 750 778 841 Einis
794 746 893 821 illiur'
910 744 1092 835 Ecclesrae,
1117 746 1260 845 quando
1279 770 1351 821 non
1369 772 1495 837 verum
1510 766 1546 821 et
1567 748 1704 821 bonum
1721 746 1888 845 amplius,

425 856 508 955 quia
530 856 567 927 in
584 850 727 952 propria
739 848 979 961 intelligentia,
1002 845 1087 920 vers.
1111 870 1124 918 1
1143 847 1188 919 ad
1207 849 1242 933 6,
1264 848 1371 957 toad
1384 856 1458 931 '123
1483 870 1534 960 ac
1549 848 1765 945 principium
1781 872 1885 923 notre
1992 943 1996 953 Ι

338 992 341 1001 ’
424 952 600 1040 Ecclestae,
626 974 706 1047 φιτ
730 948 937 1047 intelligitur
948 969 1009 1043 per
1025 946 1215 1020 Noachum
1231 962 1268 1018 et
1293 972 1367 1045 ejus
1383 965 1452 1021 tres
1467 944 1571 1021 filrol.
1802 963 1806 970 '

473 1053 561 1149 Cap.
580 1050 673 1123 VII.
698 1048 899 1123 Dellntstio
915 1044 1083 1147 Ecclesrae
1102 1040 1351 1145 antiquissimae
1365 1044 1538 1144 descripta
1562 1070 1627 1146 pet
1643 1046 1829 1135 diluvium,
1845 1062 1882 1121 et

421 1152 564 1227 initium
582 1144 683 1223 nov‘ae
700 1172 764 1247 per
779 1168 899 1221 arcam
914 1161 948 1219 et
965 1144 1037 1247 ejus
1053 1143 1365 1233 conservationem.
1859 1146 1865 1151 '

471 1252 562 1347 Cap.
597 1246 722 1337 vni„
746 1246 840 1339 Finis
880 1244 1048 1359 Ecclesrae¹
1080 1244 1340 1363 mtiquilsunae,
1381 1265 1418 1328 et
1456 1245 1673 1345 principium
1713 1246 1882 1325 Ecclefiae
1988 1278 1993 1287 ’
2037 1255 2045 1267 “

308 1396 315 1407 ·
419 1370 489 1427 ann
516 1374 582 1421 uae.
1888 1414 1893 1431 ,
1942 1388 1946 1396 ·

470 1374 558 1545 anp.
577 1446 646 1519 lX.
677 1447 857 1543 Praecepta
879 1460 914 1517 ct
932 1442 1053 1516 slatuta
1072 1468 1139 1540 pm
1155 1443 1399 1532 illaEcclefia,
1425 1446 1509 1531 vers.
1533 1468 1550 1517 r
1569 1445 1616 1519 ad
1636 1467 1702 1539 17³
1721 1447 1879 1543 Ecclesia

418 1544 480 1621 illa
500 1546 549 1621 ell
580 1544 757 1631 Noachus,
782 1543 927 1617 coeleste
949 1541 1022 1643 cjus
1038 1543 1219 1631 Schemus,
1244 1542 1421 1642 spirituale
1432 1544 1514 1643 ejus
1536 1546 1718 1642 Japhetus,
1746 1565 1786 1620 er
1812 1572 1876 1619 na-

417 1646 527 1720 turale
543 1637 615 1743 ejus
634 1642 802 1731 Chamm,
828 1642 916 1715 vers.
939 1649 981 1737 1¹8
1001 1642 1047 1714 ad
1066 1645 1125 1714 ιδ.
1410 1655 1415 1663 ’
1651 1646 1661 1738 't
1808 1672 1812 1679 -

467 1746 560 1843 Cap.
574 1741 623 1816 X.
651 1742 829 1841 Qoniam
853 1741 1010 1815 Ecclesia
1036 1740 1096 1815 illa
1110 1739 1252 1814 extensa
1266 1742 1335 1815 fuit
1352 1765 1425 1840 per:
1432 1740 1588 1815 multum
1603 1743 1701 1822 orbis
1716 1742 1876 1830 Asiatici,

285 1840 294 1852 ’
414 1862 449 1919 et
467 1844 662 1932 induxerant
678 1840 873 1939 divisiones,
886 1840 941 1914 hae
959 1841 1036 1914 sunt
1050 1846 1133 1937 quae
1148 1839 1394 1915 describuntur
1408 1841 1700 1939 perpollerosex
1713 1843 1874 1930 Noaeho,
2010 1845 2013 1863 '

416 1943 656 2023 seuextribus
680 1942 752 2040 ejus
777 1940 872 2013 filiis.
956 1950 960 1957 “
1020 1938 1052 2018 ’,
1373 1974 1377 1981 ·
1815 1997 1820 2007 .

441 2045 554 2139 Cap.
574 2038 642 2112 XI.
671 2039 728 2112 De
749 2039 944 2113 initiatione
962 2038 1100 2113 Babelis
1118 2058 1155 2112 et
1180 2038 1227 2111 de
1248 2037 1485 2113 destruelione
1507 2037 1592 2137 ejus,
1617 2037 1705 2115 vers.
1728 2064 1743 2112 1
1762 2042 1807 2115 ad
1825 2068 1870 2139 9³

258 2172 260 2177 ·
412 2141 629 2213 continuatio
657 2138 699 2213 de
726 2139 816 2213 illius
844 2136 1012 2213 Ecclesiae
1026 2140 1129 2211 variis
1151 2136 1309 2223 statibus,
1325 2137 1422 2211 etde
1437 2138 1532 2234 quati
1547 2138 1809 2237 eorum,‘usque
1825 2139 1872 2212 ad

411 2242 530 2329 linem,
546 2239 631 2311 dum
648 2238 738 2313 fasta
753 2239 801 2313 est
822 2236 1041 2310 idololatrica
1057 2253 1091 2307 et
1113 2236 1268 2333 magica.
1889 2288 1895 2303 .

464 2340 554 2437 Cap.
573 2336 660 2410 Xll.
691 2334 869 2409 Institutio
881 2334 1048 2409 Eccleliae
1066 2332 1263 2407 Isra'e'liticae
1277 2351 1313 2407 et
1325 2330 1494 2427 Judaicae,
1507 2359 1587 2431 quae
1598 2333 1664 2408 fuit
1678 2334 1723 2409 ab
1736 2327 1869 2430 Ebero,
1985 2396 1988 2405 .

376 2458 382 2469 ’
411 2437 507 2510 unde
524 2455 647 2510 vocata
664 2435 714 2507 est
732 2432 890 2509 Ecclesia
906 2431 1071 2520 Hebraea,
1089 2452 1124 2505 et
1142 2432 1312 2507 mllrtuuo
1328 2456 1401 2531 ejus
1453 2434 1543 2505 rima
1560 2437 1605 2505 ab
1621 2435 1794 2523 Abramo,
1811 2439 1876 2533 qui
2012 2452 2017 2459 '

411 2534 449 2607 in
473 2555 607 2609 terram
622 2534 826 2605 Canaanem
842 2532 893 2605 ire
909 2529 1020 2631 jussus
1043 2531 1105 2619 ess,
1130 2532 1213 2627 quia
1229 2532 1280 2604 ihi
1294 2458 1521 2616 omniaioca,
1537 2548 1625 2606 tum
1641 2534 1875 2608 circumcirca·
1899 2526 1903 2534 ’

404 2634 482 2721 illa,
507 2656 551 2707 ex
568 2631 812 2731 antiquiffimoe
829 2624 996 2704 Eccleliae
1023 2628 1237 2703 hominibus·
1251 2628 1519 2727 significationes
1544 2629 1737 2728 spirituales
1754 2631 1874 2707 sortita
1897 2701 1901 2716 ,
2001 2684 2006 2694 ι

407 2731 499 2820 sunt,
526 2756 606 2831 quae
621 2732 886 2805 nominarentur
912 2730 1059 2801 innovo
1079 2726 1208 2816 Verbo,
1234 2730 1331 2825 quod
1346 2728 1444 2825 apud
1471 2730 1550 2803 illos
1580 2732 1870 2819 conscriberetur,

411 2853 446 2907 et
476 2833 613 2929 inquo
641 2830 707 2905 illa,
724 2830 802 2905 loca
829 2830 1104 2915 nominarentur,
1130 2828 1218 2901 vers.
1240 2850 1253 2899 1
1285 2826 1332 2899 ad
1360 2830 1405 2910 ὃς
1433 2828 1610 2901 instructio
1637 2830 1752 2928 prima
1784 2829 1873 2928 ejus,

408 2954 489 3028 quae
504 2930 553 3003 est
572 2930 736 3005 naturalis
751 2928 906 3003 hominis
922 2952 984 3025 per
1001 2927 1168 3013 scientias,
1185 2947 1274 3022 quae
1284 2924 1361 2997 sunt
1376 2924 1561 3024 AEgyptus‚
1581 2930 1705 3026 inqua
1721 2928 1871 3003 Abram.
1936 2984 1941 2994 .
1971 2927 1980 3024 J

224 3014 227 3025 ’
334 3020 356 3098 .’
460 3030 552 3126 Cap.
572 3030 680 3108 Xlll.
705 3032 973 3102 lucrementum
988 3027 1025 3096 in
1041 3023 1209 3099 Ecclestae
1223 3008 1497 3122 cognitionibus,
1519 3046 1556 3101 et
1568 3025 1736 3126 separatio
1748 3030 1874 3128 cogam

265 4037 268 4044 ·
347 4043 350 4054 ·
409 4018 508 4114 quod
526 4009 695 4116 peruersa,

410 3127 549 3200 tionum
565 3125 812 3226 spiritualium,
828 3149 910 3222 quar
926 3124 1075 3212 Abram,
1100 3141 1136 3198 et
1151 3125 1379 3213 naturalium,
1402 3149 1483 3222 quae
1501 3129 1648 3201 Iothus.

458 3226 549 3324 Cap.
568 3226 673 3299 XIV.
701 3225 830 3322 Pugna·
848 3227 884 3296 in
901 3224 1049 3296 naturali
1066 3223 1221 3312 homine,
1247 3224 1336 3298 iuter
1347 3247 1429 3296 vera
1448 3244 1486 3306 et
1507 3227 1604 3300 bona·
1618 3252 1659 3302 ac
1675 3229 1768 3302 inter
1777 3229 1873 3301 mala
1894 3268 1897 3275 ·

408 3343 445 3398 et
462 3325 546 3398 salsa
563 3326 625 3415 illi,
651 3345 788 3399 etcum
816 3323 985 3422 penderet
1001 3315 1147 3398 victoria
1175 3341 1313 3434 aparte
1336 3325 1516 3414 malorum
1529 3325 1586 3400 seu
1607 3325 1745 3417 inferni,
1770 3326 1873 3426 spiri·
1939 3337 1942 3358 '

405 3425 509 3498 tualis
527 3423 637 3499 homo
653 3426 875 3523 impugnavit
891 3419 984 3510 illos,
1010 3441 1046 3494 et
1057 3422 1245 3518 prostravit
1259 3423 1348 3510 illos,
1370 3421 1456 3498 vers
1480 3449 1493 3498 ι
1510 3425 1557 3500 ad
1577 3450 1642 3521 17³
1670 3427 1892 3502 indenatu-'
1947 3467 1953 3476 ·

406 3525 486 3597 ralis
519 3526 628 3600 homo
656 3523 839 3619 spiritualis
869 3521 1034 3594 naturalis
1066 3519 1187 3604 faetus,
1224 3537 1260 3595 et
1289 3525 1447 3612 removit
1479 3550 1500 3598 a
1530 3525 1566 3598 se
1597 3528 1690 3600 mala
1722 3545 1758 3601 et
1790 3525 1872 3602 salsa

407 3623 573 3696 naturalis
590 3620 755 3706 hominis,
781 3619 866 3692 vers.
889 3625 931 3704 18
950 3617 994 3690 ad
1013 3639 1074 3709 o4.
1540 3615 1544 3624 '
1823 3621 1827 3626 ’

459 3723 548 3818 Cap.
567 3718 653 3794 XV.
680 3719 862 3816 Qoniam
874 3717 994 3800 adhuc
1011 3719 1120 3790 modo
1132 3717 1380 3815 multiplicatio
1391 3723 1476 3808 veri,
1495 3722 1550 3795 sed
1563 3743 1634 3793 non
1647 3721 1870 3797 fructificatio
1934 3791 1974 3803 ,,
2060 3756 2100 3791 .·
2159 3792 2163 3800 ,

407 3820 505 3907 boni,
534 3837 570 3892 et
595 3820 639 3894 src
657 3817 922 3910 non-Ecclesia,
948 3818 1027 3890 ideo
1055 3817 1181 3894 instans
1208 3821 1306 3914 quod
1322 3822 1418 3920 apud
1444 3819 1547 3913 illurn
1575 3817 1674 3894 fieret
1703 3816 1872 3912 Ecclesia,

409 3919 498 3992 vers.
521 3941 534 3991 ι
558 3917 602 3992 ad
621 3917 643 3990 6
655 3954 671 4010 ςΙ
692 3917 750 3994 sed
775 3917 887 4014 qualis
905 3915 1062 3992 Eccl'clia
1086 3936 1121 3989 et
1139 3917 1212 4020 ejus
1230 3921 1434 4022 conjunctio
1459 3943 1545 3994 cum
1571 3917 1730 4002 Domino
1752 3925 1872 4014 ¹lieret,

749 4017 940 4105 raedicitur,
966 4015 1155 4112 vers.7ad
1176 4041 1235 4110 ²4·
1389 4107 1395 4112 .
1704 4047 1710 4053 ·

392 4151 395 4156 ¹
460 4119 551 4214 Cap.
571 4115 674 4192 XVI.
717 4044 927 4215 &injunctio
943 4119 1017 4190 veri
1044 4133 1079 4188 et
1105 4117 1188 4189 boni
1219 4119 1384 4193 naturalis
1409 4119 1577 4205 hominis,
1602 4141 1646 4195 cx
1664 4145 1733 4216 qua
1756 4120 1869 4196 solum

275 4260 280 4276 ·
413 4217 565 4292 Ecclesia
581 4235 735 4305 externa,
760 4240 843 4313 quae
860 4215 1048 4302 rationalis.

225 4501 246 4550 ,ι
351 4427 360 4502 ἶ
507 4459 577 4533 Sed
593 4459 638 4532 de
654 4455 708 4529 his
726 4455 761 4530 in
774 4421 1121 4554 Arcanisxcoel’stibus,
1135 4455 1195 4528 ubi
1213 4457 1287 4530 ltaee
1301 4482 1383 4554 quae
1396 4458 1565 4534 Ecclefiae
1581 4458 1657 4531 sunt
1675 4451 1868 4556 significant

557 4559 617 4630 illa
643 4581 726 4654 quae
756 4557 914 4645 Domini,
939 4581 1021 4628 nant
1048 4557 1170 4628 omnia
1187 4559 1297 4629 Verbi
1325 4559 1361 4628 in
1378 4554 1474 4630 sensu
1498 4558 1663 4654 spirituali
1686 4575 1796 4656 agunt
1811 4559 1867 4635 -dt

558 4655 765 4756 Ecclesia-et
785 4655 901 4744 Coeto,
920 4658 957 4730 in
977 4657 1069 4729 sensu
1087 4654 1209 4728 autein
1230 4657 1360 4730 coelesti
1379 4659 1423 4731 dc
1441 4657 1611 4732 Domino.
1691 4709 1694 4714 -

1041 4848 1218 4901 *ΗΟ
1324 4883 1328 4893 ·
1430 4867 1437 4882 ¹

1066 4901 1192 5002 κὴρ

1455 5033 1463 5064 ⁸
1600 5069 1604 5074 ’
1754 5057 1865 5130 Index
