4767 6125
777 758 805 771 .,
931 614 1450 800 nonunt.-
1527 654 1552 789 Q·
1653 620 1656 625 ’
1869 688 1910 805 7

327 855 335 867 ’
448 878 594 975 ‚Ca'p.
610 872 715 979 llll.¹
742 868 919 953 manno
942 890 979 949 et
994 870 1186 949 celebratio
1199 840 1352 951 Doorinr
1375 837 1524 975 propter
1547 869 1789 965 salvationem,
1805 872 1905 993 ¹reri.
2018 941 2021 948 ,

456 1000 471 1050 ²
492 976 593 1170 agag.
611 1069 719 1145 x111.
746 1070 789 1145 In
804 1070 873 1147 hoc
886 1068 1024 1169 Capite,
1046 1067 1092 1143 de
1106 1068 1358 1145 adulteratione
1373 1072 1459 1145 boni
1475 1088 1510 1146 et
1523 1070 1805 1170 prophanatione
1819 1071 1910 1161 veri,

263 1196 292 1253 χ
447 1194 532 1269 quae
542 1171 592 1244 est
607 1169 727 1245 Bebel.
766 1166 876 1269 Qud
892 1166 1069 1241 Dominus
1080 1168 1119 1245 in
1129 1172 1290 1265 potentia
1306 1170 1439 1245 Divina
1451 1188 1632 1258 venturus,
1656 1168 1745 1243 veri
1766 1194 1799 1259 1,
1813 1192 1848 1257 2,
1865 1169 1906 1268 3',

446 1270 495 1343 ad
512 1266 692 1369 judicium
715 1291 821 1365 grave
846 1266 952 1365 super
976 1268 1066 1353 illos,
1090 1266 1153 1362 qui
1174 1266 1315 1365 pruritu
1335 1268 1557 1355 recesserunt,
1579 1265 1904 1344 andennendum

447 1368 542 1454 illoc,
565 1364 652 1440 vers..
668 1393 694 1457 4
708 1366 754 1439 ad
770 1392 816 1465 9³
841 1368 927 1463 quia
941 1380 1013 1439 non
1027 1364 1182 1463 amplius
1208 1367 1353 1465 aliquod
1369 1368 1505 1440 bonum
1529 1382 1564 1437 et
1580 1391 1705 1439 verum
1720 1368 1902 1443 residuum

361 1529 362 1533 ,
445 1465 546 1563 apud
570 1465 660 1551 illos,
685 1458 772 1537 vers.
790 1486 1010 1553 ιο,ιι,,ι2,
1036 1462 1135 1563 quod
1157 1466 1238 1540 idco
1257 1488 1382 1540 omnen
1405 1488 1492 1539 cum
1513 1458 1582 1537 iuie
1605 1464 1706 1538 natis
1738 1484 1775 1541 et
1808 1461 1902 1537 fa'lsn

301 1557 304 1571 '
445 1564 593 1663 perituri
621 1562 698 1649 fint,
723 1560 812 1635 vers.
832 1586 875 1661 13
894 1564 940 1639 ad
960 1569 1028 1648 28,
1052 1580 1090 1637 et
1104 1563 1257 1641 mansuri
1274 1568 1313 1639 in
1328 1562 1475 1667 inferno,
1501 1562 1563 1635 ubi
1583 1563 1662 1635 dira
1677 1580 1714 1636 et
1727 1563 1907 1641 horrenda

445 1663 539 1737 atala
555 1681 591 1736 et
606 1660 699 1747 falsa,
727 1658 813 1735 ueri.
835 1686 880 1761 19
897 1664 943 1737 ad
962 1685 1022 1740 22.

313 1748 314 1751 “
467 1758 707 1859 'Cap.XlV.
750 1757 1083 1838 DenovaEcclefia
1098 1782 1180 1858 quae
1196 1760 1431 1848 instauranda,
1447 1757 1537 1850 vers,
1559 1784 1590 1847 t,
1609 1781 1643 1847 2,
1659 1780 1707 1856 3³
1730 1759 1777 1832 dc
1792 1757 1900 1853 Judi-

443 1860 501 1933 cio
525 1860 627 1955 super
652 1860 728 1932 iilos
743 1860 803 1956 qui
820 1860 1103 1935 adulteraverunt
1131 1858 1225 1933 bone
1239 1858 1407 1935 Ecclefiae
1423 1876 1460 1932 et
1473 1858 1799 1955 prophanavenmt.
1811 1881 1898 1932 vera

442 1958 529 2055 ejus,
553 1981 635 2055 quae
652 1956 770 2043 Bauer,
797 1959 884 2034 vers.
903 1962 938 2051 4',
958 1978 992 2056 5,
1006 1959 1059 2043 6,
1081 1982 1208 2037 eorum
1224 1958 1400 2058 conjeiiio
1424 1958 1462 2029 in
1475 1956 1664 2044 infernum,
1689 1956 1750 2029 ubi
1765 1952 1900 2052 peliimi

283 2064 290 2077 '
441 2056 599 2129 omnium
618 2057 705 2142 sunt,
722 2057 809 2129 vcrs.
829 2079 849 2150 7
868 2058 913 2129 ad
934 2080 989 2142 re,
1010 2076 1052 2153 15
1074 2058 1119 2131 ad
1137 2079 1207 2142 213
1233 2054 1476 2131 eorumfaliue
1489 2046 1586 2151 'quod
1602 2054 1711 2126 velint
1726 2048 1898 2131 dominari

437 2178 608 2229 unacum
626 2152 707 2227 Deo
725 2154 825 2251 supra
842 2156 986 2245 coehrm,
1004 2154 1088 2228 vers.
1109 2180 1169 2254 13,
1183 2178 1252 2244 η,
1276 2156 1322 2228 de
1337 2154 1586 2229 exitioeorum
1602 2153 1791 2247 horrendo,
1806 2152 1896 2227 vers.

249 2281 255 2297 ·
284 2322 291 2343 ,
442 2275 502 2340 nu,
521 2274 540 2325 2
545 2280 590 2351 3;
615 2255 711 2351 quod
725 2254 896 2350 perdendi
913 2254 1052 2367 quiuper
1067 2255 1250 2327 ratiocinia
1263 2278 1309 2327 ex
1320 2254 1463 2352 propria
1474 2250 1702 2349 intelligentia
1716 2250 1898 2368 ciestruunt
1958 2327 1962 2339 ,

357 2403 360 2411 -
439 2376 525 2427 vera
539 2352 661 2439 Verbi,
687 2372 723 2427 et
738 2356 958 2449 'prophanint
974 2354 1041 2439 rlla,
1067 2352 1156 2425 vers.
1176 2377 1224 2442 24
1241 2353 1286 2425 ad
1304 2374 1364 2445 27.
1500 2377 1503 2386 ·
1919 2428 1922 2431 ,

489 2450 578 2547 Cap.
592 2448 676 2523 XV.
705 2450 762 2522 De
769 2450 907 2547 judicio
924 2452 1025 2545 super
1039 2446 1120 2523 illos
1129 2451 1189 2547 qui
1200 2451 1405 2547 religionem
1416 2450 1452 2520 in
1466 2448 1543 2533 solis
1559 2447 1815 2544 cognitionibus
1826 2474 1896 2545 po-

437 2568 628 2645 nunt,quae
643 2547 720 2623 sunt
735 2547 926 2636 Philistaeae,
943 2548 1029 2623 veri.
1048 2572 1062 2621 1
1083 2547 1128 2621 ad
1143 2570 1186 2643 5;
1206 2550 1306 2651 quod!
1319 2549 1384 2619 illi's
1398 2546 1542 2632 remotio
1554 2544 1709 2619 Eccleiia
1726 2549 1793 2621 erit
1806 2567 1898 2639 tuta,
1927 2646 1934 2657 .
2071 2574 2087 2639 j
2176 2596 2187 2612 .

439 2645 696 2839 veifingiiil'i.
740 2740 797 2816 De
813 2740 1083 2842 uitimojutiicio
1099 2742 1294 2839 superillos
1307 2699 1368 2838 nui
1382 2740 1578 2856 rejecerunt
1593 2742 1687 2815 bona
1702 2743 1890 2830 eharitatis,
1995 2785 1999 2795 ·

432 2865 476 2915 nc
501 2848 747 2940 perverterunt
776 2842 868 2917 bona
885 2840 1005 2930 Verbi,
1030 2842 1092 2937 qui
1119 2842 1196 2915 sunt
1223 2841 1391 2927 Moabus,
1417 2843 1575 2913 interitus
1596 2866 1730 2932 eorum,
1759 2838 1844 2913 vers.
1867 2862 1888 2915 1

241 2894 244 2903 ⁴
291 2984 292 2987 =
434 2939 478 3014 nd
507 2968 553 3038 9·;
580 2940 677 3037 quod
696 2938 879 3025 Dominus
905 2966 975 3015 non
1003 2942 1068 3013 illie
1095 2942 1235 3036 agnitus
1257 2939 1307 3028 iit,
1332 2940 1419 3011 vers.
1445 2963 1501 3025 10,
1522 2964 1589 3021 ιι,
1615 2941 1710 3038 quod
1738 2940 1891 3014 mansuri

433 3039 539 3136 usque
565 3042 610 3113 ad
627 3040 816 3112 aduentum
845 3036 1005 3124 Domini,
1030 3056 1066 3110 et
1094 3056 1181 3110 tunc
1189 3036 1386 3134 judicandi,
1413 3038 1743 3136 versL12,13,14;
1772 3038 1891 3138 quales

432 3137 520 3220 stunt,
538 3155 574 3206 et
590 3137 708 3230 quales
723 3137 801 3230 post
815 3136 963 3208 exitium
976 3153 1089 3216 crunt,
1115 3137 1205 3206 vers.
1218 3146 1241 3230 ,¹
1251 3154 1269 3228 5
1290 3137 1336 3208 ad
1353 3159 1411 3232 23.
1609 3149 1614 3157 '

359 3295 364 3304 ,
484 3235 573 3329 Cap.
590 3231 714 3302 XVll.
742 3230 800 3302 De
817 3232 956 3327 illisqui
973 3233 1010 3306 in
1032 3231 1173 3304 scientia
1194 3232 1434 3330 cognitionum
1459 3233 1566 3307 solum
1580 3251 1721 3330 ponunt
1746 3232 1889 3332 religio·
1988 3301 1991 3305 ,

349 3341 370 3369 ’·
430 3355 522 3418 nem,
548 3355 626 3428 quae
642 3327 845 3416 Damalcru,
871 3330 967 3425 quod
983 3329 1196 3418 destruendi,
1222 3328 1310 3403 veri.
1333 3356 1365 3420 1,
1384 3355 1424 3417 2,
1451 3333 1546 3429 quod
1562 3327 1772 3405 inservituri
1785 3358 1887 3407 novae

428 3425 605 3515 Ecclesia,
631 3429 719 3500 vers.
738 3451 762 3524 3
774 3429 783 3509 ,
809 3429 907 3524 quod
933 3429 991 3501 iila
1016 3425 1159 3502 scicntia
1187 3431 1430 3527 cognitionum
1450 3433 1515 3504 erit
1530 3450 1615 3504 tuuc
1633 3455 1720 3514 rara,
1739 3429 1827 3502 vers.
1845 3461 1888 3524 4,

430 3550 464 3624 5,
484 3527 529 3612 6;
556 3548 590 3600 at
606 3525 704 3622 quod
720 3525 930 3598 informandi
946 3529 1011 3598 fine
1037 3525 1242 3610 aDominu
1270 3529 1356 3600 vers.
1375 3552 1409 3622 7,
1431 3534 1472 3613 8,
1500 3530 1595 3624 quod
1610 3531 1669 3625 qui
1688 3556 1759 3601 non
1777 3525 1887 3602 iniorss
1932 3542 1934 3546 “

426 3627 513 3700 mari
531 3626 564 3698 le
580 3626 760 3738 patiuntur
784 3649 805 3696 n
831 3621 995 3712 Domino
1014 3621 1122 3697 futuri
1144 3625 1187 3694 in
1213 3623 1353 3698 defectu
1367 3629 1539 3733 omnium,
1560 3651 1601 3700 ac
1617 3651 1687 3723 pro
1699 3629 1790 3700 veris
1806 3621 1891 3701 falia

425 3721 912 3918 meCliiiiriifilii’IIingsle9iliii
929 3743 990 3914 inii
1013 3817 1049 3890 in
1078 3839 1175 3893 caeca
1199 3791 1394 3915 ignorantia
1408 3803 1539 3894 volunt⁴
1556 3821 1626 3894 elie
1655 3821 1700 3894 de
1716 3818 1820 3894 rebus
1833 3778 1890 3896 lo»
1988 3769 1993 3784 Ι
2035 3792 2044 3834 ¹*

422 3921 515 4004 lutis,
539 3923 602 4018 qui
632 3919 720 3991 sunt
737 3916 866 4004 Kusch,
893 3919 1010 4014 quales
1039 3913 1128 4003 sunt,
1152 3917 1240 4006 vers.
1268 3940 1301 4003 1,
1331 3940 1376 4001 2,
1403 3921 1499 4016 quod
1526 3933 1607 3992 eum
1636 3919 1888 3994 instaurabitur
2024 3930 2027 3935 '

428 4017 596 4106 Eccicfia',
622 4017 821 4116 rejicientur
837 4017 921 4090 licut
937 4015 1052 4096 nauci,
1078 4014 1163 4088 vers.
1183 4039 1205 4112 3
1224 4015 1271 4088 ad
1286 4017 1332 4099 6,
1357 4017 1454 4113 quod
1470 4017 1576 4115 ulque
1592 4021 1705 4114 quiin
1721 4019 1888 4116 igno'ran·

381 4108 386 4122 ⁸
430 4121 479 4194 tia
492 4117 571 4192 sunt
588 4143 631 4188 ex
646 4141 695 4190 oo
709 4115 804 4212 quod
817 4115 885 4187 illis
902 4113 1150 4200 nonEcclefia,
1164 4114 1210 4186 ad
1229 4113 1421 4187 Dominum
1437 4115 1603 4189 acceliuri
1619 4115 1696 4202 fint,
1712 4116 1802 4188 vers.
1819 4114 1856 4210 7
1880 4117 1884 4130 ’
1914 4118 1918 4125 ’

480 4215 572 4313 Cap.
589 4213 696 4288 XIX.
737 4204 797 4287 Dc
817 4214 959 4308 illisqui
976 4237 1020 4286 ex
1039 4213 1108 4285 sola
1119 4212 1274 4285 scientia
1287 4213 1410 4284 talium
1427 4239 1505 4310 quae
1522 4213 1631 4286 Verbi
1652 4233 1688 4285 et
1708 4213 1879 4288 Ecclesrae

352 4311 355 4318 ⁴
427 4313 506 4387 sum
521 4313 652 4388 iaciunt
673 4311 735 4384 libi
755 4311 983 4408 religionem,
1008 4312 1120 4408 etqui
1137 4311 1457 4398 intrant-inillam,
1479 4336 1558 4408 quae
1574 4311 1757 4409 AEgyptus,
1785 4311 1882 4410 quod

429 4412 512 4486 inde
526 4411 771 4486 controvcrliae
797 4429 833 4481 et
850 4410 999 4496 inroitu,
1026 4427 1059 4480 et
1077 4411 1175 4504 quod
1191 4411 1323 4482 intrent
1340 4410 1375 4482 in
1393 4409 1476 4482 falli
1490 4412 1603 4484 omnis
1618 4414 1769 4508 generis,
1790 4409 1879 4484 vers.

432 4533 446 4584 ι
470 4513 575 4603 ad4;
600 4511 700 4606 quod
728 4509 795 4581 illis
814 4509 970 4606 peritura
994 4509 1058 4582 fint
1075 4507 1193 4582 omnia
1216 4533 1312 4591 vera,
1338 4507 1426 4582 vers.
1446 4530 1464 4605 5
1484 4509 1532 4584 ad
1548 4531 1614 4593 ιο,
1638 4508 1738 4604 quod
1752 4507 1885 4582 infmia

427 4608 770 4705 iocointelligentiae.
800 4607 887 4679 veri.
921 4630 962 4680 12
983 4607 1035 4704 „ad
1056 4629 1121 4703 15;
1148 4609 1245 4702 quod
1261 4609 1418 4704 perituri,
1443 4607 1531 4678 vers.
1554 4627 1595 4703 ι’,
1628 4607 1672 4680 ud
1694 4629 1760 4702 173
1787 4605 1886 4706 quoti

426 4707 511 4782 talia
535 4705 722 4780 scientifica
750 4706 824 4782 usui
844 4705 971 4790 futura,
997 4706 1079 4780 dum
1096 4733 1120 4782 a
1135 4704 1294 4792 Domino
1315 4705 1493 4782 informati
1510 4701 1588 4777 sunt
1611 4707 1647 4778 in
1663 4707 1767 4794 veris,
1791 4702 1878 4780 veri.

329 4867 334 4880 .
430 4813 476 4882 18
501 4805 547 4878 ad
577 4827 643 4888 22,
670 4807 766 4901 quod
797 4824 883 4880 tunc
908 4803 1097 4902 spirituale,
1122 4805 1290 4878 rationale
1314 4825 1350 4877 et
1375 4803 1601 4878 scientificum
1628 4829 1738 4878 unum
1763 4821 1886 4903 agent,
1962 4830 2010 4892 ·,

327 5021 341 5068 ’.
426 4903 759 5102 ᾞὲεὲὶῆἅῗςῦε
774 4999 904 5088 iisdem,
923 5005 1004 5099 quia
1020 5002 1190 5099 deptivati
1206 5001 1297 5074 vern
1313 5001 1400 5088 lunt,
1412 5001 1507 5098 quod
1523 5001 1707 5079 ratiocinia
1719 4997 1895 5076 auferent
1988 5076 1992 5085 ,

423 5102 516 5187 ilios,
529 5120 576 5174 ct
590 5097 819 5189 devastabunt
833 5100 881 5196 alt
894 5103 990 5175 omui
1006 5098 1103 5176 bono
1119 5099 1311 5198 religionis,
1335 5100 1424 5173 vers.
1446 5124 1460 5172 1
1483 5101 1528 5174 ad
1545 5103 1581 5195 6,

474 5199 564 5298 Cap.
581 5195 691 5276 XXI.
716 5195 829 5301 Q⁰d
850 5224 925 5278 non
940 5199 1077 5278 bonurn
1100 5201 1259 5276 naturale
1274 5199 1424 5298 amplius
1436 5197 1620 5303 superbit,
1631 5197 1736 5381 viril
1727 5195 1887 5400 ptem
1930 5273 1934 5277 ,
