4767 6125
1211 534 1391 655 (5)

530 720 733 810 Dominus
751 724 806 809 ell
825 724 1035 839 iplaVita,
1060 725 1178 809 etiam
1204 726 1340 838 quoad
1359 729 1606 823 Humanum,
1632 744 1679 811 ut
1695 723 1782 841 Ipse
1800 725 1920 811 doce't
1945 726 2054 839 apud

528 835 676 950 Johan.
696 838 794 951 Cap.
815 868 852 923 v.
876 838 937 924 26.
993 838 1093 951 Cap.
1113 836 1195 923 xiv.
1215 840 1244 923 6
1256 876 1267 935 ;
1296 862 1336 917 ct
1354 864 1516 947 quoque
1535 836 1641 924 alibi.

1049 1094 1536 1137 &m

841 1296 1271 1409 Qumsrto
1352 1295 1748 1411 Quanta

586 1448 741 1531 Annon
770 1448 890 1531 Filius
911 1480 982 1559 per
1001 1480 1117 1562 quem
1135 1456 1320 1563 Jehovah
1337 1456 1484 1539 dicitur
1508 1452 1690 1557 creaville
1720 1448 1912 1549 MundOs,
1942 1450 2049 1535 Heb.
2160 1541 2167 1558 ⁸

533 1555 633 1669 Cap.
665 1558 687 1637 i.
715 1582 753 1639 et
784 1560 836 1641 xi.
869 1558 973 1639 idem
1006 1566 1197 1674 ligiulicat
1222 1596 1315 1647 cum
1343 1565 1549 1680 Sapientia
1572 1560 1730 1659 Divina,
1758 1564 2054 1673 jeremiam.

533 1664 574 1748 li.
606 1668 795 1787 15,·adeo
818 1699 872 1782 ut
891 1670 1088 1753 Ell'entiali
1121 1675 1326 1785 Sapientia
1353 1679 1417 1762 l'eu
1442 1700 1581 1761 Aoroi:
1607 1676 1687 1759 Dei
1712 1674 1755 1755 in
1783 1670 1920 1785 primis
1944 1697 2050 1754 nnnc

535 1774 581 1859 fit
594 1778 760 1880 Veritas,
787 1778 851 1865 seu
871 1801 1008 1865 noros
1029 1784 1108 1866 Dei
1128 1784 1168 1867 in
1188 1786 1371 1869 ultimis?

850 1987 1676 2091 vaasuouunrun'

586 2154 713 2268 Quod
731 2156 943 2255 Dominus,
974 2160 1051 2238 hoc
1071 2160 1136 2257 ell,
1166 2161 1346 2243 Verbum
1366 2162 1430 2241 seu
1450 2160 1645 2241 Divinum
1660 2158 1824 2252 Verum,
1852 2182 1925 2266 per
1943 2154 2054 2265 quod

533 2267 667 2347 omnia
688 2264 788 2345 lacta
808 2266 895 2345 sunt
911 2297 997 2377 quae
1018 2269 1131 2367 l'atla,
1151 2292 1189 2349 et
1203 2302 1274 2381 per
1288 2270 1398 2379 quod
1413 2274 1527 2350 Mun*
1536 2274 1593 2351 lus
1610 2290 1760 2351 creatus
1773 2265 1840 2362 est,
1858 2264 1951 2376 Joh.
1968 2264 1993 2345 i.
2012 2294 2053 2376 3,

420 2475 425 2484 Ι
537 2402 598 2469 10,
630 2374 746 2453 fuerit
765 2374 911 2456 Divina
931 2378 1143 2488 Sapientia,
1172 2410 1260 2489 qua
1281 2410 1370 2461 cum
1391 2378 1541 2463 Divino
1558 2381 1706 2459 Amore
1726 2406 1845 2456 unam
1861 2372 2055 2477 Divinam

532 2480 746 2565 Ellentium
774 2482 879 2582 l'aeit,
910 2485 964 2565 ita
997 2492 1128 2569 Unum
1156 2490 1340 2571 mandem
1369 2494 1515 2585 Deum,
1548 2488 1739 2596 l'equitur3
1773 2485 1921 2565 Divina
1947 2484 2054 2564 enim

532 2591 736 2703 Sapientia
765 2597 819 2671 ell
846 2624 1006 2704 quoque
1037 2597 1230 2705 Divinum
1256 2604 1421 2696 Verum,
1459 2596 1651 2707 quoniam
1679 2593 1814 2680 omnia
1840 2592 2055 2703 Sapientia:

530 2699 618 2780 sunt
638 2700 849 2799 VeritateS,
877 2706 1080 2815 Sapientia
1107 2738 1180 2789 nec
1202 2707 1388 2819 producit
1409 2706 1690 2799 nisnreritates,
1716 2702 1771 2783 est
1789 2702 1895 2781 enim
1914 2705 2055 2783 harum

530 2810 752 2907 continens,
780 2812 835 2893 ita
865 2816 1020 2923 prorsus
1051 2816 1265 2895 seeundum
1285 2820 1430 2925 Jerem,
1466 2818 1564 2924 Cap.
1584 2842 1625 2893 x.
1651 2840 1716 2903 123
1746 2832 1786 2892 et
1805 2813 1903 2921 Cap.
1927 2811 1966 2891 li.
1992 2839 2067 2923 15(

531 2922 594 3001 Ita
613 2948 772 3027 quoque
802 2920 1035 3031 intelligitur
1059 2952 1131 3033 per
1160 2922 1395 3035 illudapud
1422 2925 1631 3018 Davidem,
1661 2919 1799 3003 Psalm.
1831 2919 1973 3003 xxxiii.
1998 2930 2051 3016 o;

533 3026 702 3137 Spiritus
724 3024 802 3107 oris
822 3028 878 3108 ell
898 3058 1057 3140 quoque
1087 3031 1301 3144 Sapientia,
1328 3056 1368 3115 et
1385 3034 1565 3116 Verbum
1587 3029 1643 3112 ibi
1662 3030 1715 3112 ell
1734 3028 1903 3112 Divinus
1923 3034 2055 3114 Amor

530 3159 571 3219 et
588 3136 735 3220 Divina
754 3137 958 3251 Sapientia
974 3140 1099 3238 fimul,
1115 3175 1209 3248 nam
1223 3145 1379 3240 dicitur,
1393 3165 1434 3224 et
1445 3149 1556 3229 Deus
1573 3155 1659 3227 erut
1677 3141 1850 3240 Verbum,
1865 3125 1960 3254 J0hj
1973 3140 1997 3224 i.
2018 3169 2056 3226 1.

1051 3357 1539 3447 ÷m=»oe==.

849 3569 1738 3687 QUAESTM)QUINTn

588 3727 738 3812 Annon
761 3727 936 3842 ¹Spiritus
967 3731 1130 3814 Sanelus
1161 3731 1202 3813 in
1231 3737 1354 3817 Novo
1376 3733 1632 3814 'l'ellamenro
1656 3728 1763 3809 idem
1781 3755 1873 3809 cum
1899 3723 2049 3838 Spiritu
2083 3805 2087 3812 .

530 3836 609 3918 Dei
641 3837 682 3918 in'
712 3839 847 3922 Veteri
879 3842 1146 3938 'l'ellamento
1185 3873 1278 3924 cum
1316 3846 1391 3926 hac
1427 3841 1507 3922 sola
1539 3839 1776 3938 differentia,
1814 3837 1924 3946 quod
1960 3859 2052 3917 ante

530 3948 851 4030 lucarnationern
898 3951 1065 4032 Domini
1121 3954 1304 4061 proceffit
1350 3985 1401 4035 ex
1446 3951 1597 4033 Divino
1641 3949 1727 4030 Ell'e
1774 3946 1837 4028 seu
1866 3946 2051 4058 Jeltovah

532 4055 771 4156 immediate,
808 4059 887 4141 sive
916 4061 1085 4140 mediate
1113 4091 1185 4172 per
1205 4061 1395 4174 Angelos,
1434 4085 1474 4142 et
1505 4061 1596 4173 poll
1623 4055 1943 4140 incarnationem
1977 4083 2051 4169 per
2078 4102 2088 4118 x

430 4231 433 4239 ,
531 4166 673 4250 Filium
692 4191 760 4251 aut
778 4169 972 4252 Divinum
991 4171 1261 4252 Humanum?

584 4321 736 4404 Annon
756 4321 925 4436 Spiritus
946 4323 1110 4408 Santlus
1130 4325 1235 4407 idem
1256 4357 1349 4410 curn
1368 4326 1531 4439 Sphaera
1550 4323 1662 4408 Dei?

938 4543 1641 4628 RESPONDETUR.

586 4695 756 4808 Spiritus
777 4696 855 4782 Dei
880 4721 920 4782 et
946 4700 1114 4812 Spiritus
1144 4701 1307 4784 Sanctus
1332 4701 1419 4784 lunt
1443 4701 1527 4783 duo
1548 4701 1752 4796 dillin6la3
1784 4699 1951 4814 Spiritus
1970 4699 2050 4783 Dei

528 4807 611 4888 n'on
636 4829 820 4919 operatus
848 4809 915 4908 cll,
943 4841 1017 4894 nec
1044 4811 1201 4924 operari
1231 4811 1365 4922 potuit
1393 4811 1434 4893 in
1462 4813 1668 4895 hominem
1699 4811 1767 4893 nisi
1798 4809 2051 4923 impercepti-

528 4915 669 5013 biliter,
697 4939 736 4998 at
756 4917 923 5028 Spiritus
948 4921 1123 5020 “andus
1152 4921 1221 5031 qui
1251 4921 1367 5003 unice
1397 4917 1578 5034 prodcdit
1607 4921 1835 5019 aDomino,
1864 4943 2053 5032 operatur

527 5024 570 5106 in
597 5027 807 5108 hominem
825 5031 1152 5150 perceptibiliter,
1181 5031 1335 5114 etfacit
1359 5056 1402 5113 ut
1428 5031 1551 5114 homo
1571 5032 1910 5144 comprehendere
1935 5029 2051 5141 pollit

527 5137 710 5222 veritates
743 5137 959 5252 spirituales
987 5136 1229 5244 naturaliter,
1267 5142 1467 5228 Dominus
1496 5141 1605 5226 enim
1646 5143 1789 5229 univit·
1805 5141 1957 5226 Divino
1983 5139 2051 5222 suo

1899 5247 2058 5335 Coelesti
2131 5319 2143 5326 .
