4767 6125
651 613 2016 807 TJEREM1Auf1³19ff

412 879 480 958 illis
507 879 594 976 quia
609 864 821 975 reliquenint
837 873 1046 963 Dominum,
1072 876 1159 949 vers.
1182 899 1240 976 19,
1260 898 1328 961 20:
1360 902 1445 952 curn
1469 896 1585 952 tamen
1608 878 1749 979 possunt
1763 860 1875 971 scire,

411 976 508 1077 quod
530 976 620 1051 solus
633 978 809 1051 Dominus
831 976 936 1147 ss⁰ffit
951 978 1083 1063 omnia,
1095 992 1130 1047 et
1146 998 1218 1049 non
1236 975 1360 1050 volunt
1375 978 1472 1066 scire,
1493 979 1589 1075 quod
1609 979 1686 1077 lpse
1703 981 1745 1053 sit
1756 980 1877 1070 Deus,¹

295 1141 302 1151 ,
409 1100 519 1174 aquo
539 1077 661 1151 omnia
683 1100 765 1148 vera
777 1092 811 1145 et
858 1098 938 1161 ona,
961 1073 1050 1149 vers.
1068 1098 1108 1147 ai
1125 1075 1170 1149 ad
1187 1098 1256 1167 243
1280 1078 1377 1171 quod
1396 1078 1573 1175 hoc,quia
1590 1078 1870 1178 illisjucundum

409 1179 459 1252 est
475 1197 673 1275 pervertere
701 1193 737 1248 ct
754 1173 882 1259 fallere,
912 1176 1000 1247 vers.
1021 1196 1063 1271 25
1085 1172 1129 1245 ad
1148 1197 1217 1269 273
1244 1192 1281 1247 et
1296 1195 1454 1274 propter,
1467 1178 1503 1250 id
1521 1178 1764 1269 aestimantur,
1779 1174 1865 1253 vers.

361 1298 366 1320 ¹
412 1298 471 1369 27,
492 1281 559 1365 28;
587 1298 659 1352 non
674 1274 813 1370 possunt
829 1296 900 1345 non
914 1274 1041 1371 perire,
1066 1271 1151 1345 vers.
1172 1297 1238 1373 29³
1263 1276 1345 1369 quia
1360 1279 1482 1371 omnia
1497 1278 1588 1351 bona
1607 1295 1648 1349 et·
1657 1303 1741 1353 vera
1756 1305 1777 1352 a
1792 1280 1878 1378 pri-

603 1460 610 1473 .
959 1471 960 1479 l

245 1448 248 1461 ,
383 1368 386 1375 ’
408 1375 526 1449 mariis
542 1375 587 1447 ad
604 1374 730 1447 ultima
745 1373 864 1445 taliter
880 1372 1035 1469 perversa
1050 1368 1139 1467 sunt,
1169 1392 1248 1446 tum
1264 1372 1349 1469 quia
1362 1396 1490 1449 omnes
1517 1376 1765 1454 asummicad⁸
1779 1381 1878 1467 imo&

408 1474 538 1548 faciant
555 1473 613 1557 ita,
640 1473 726 1549 vcrs.
745 1494 806 1569 30,
823 1494 885 1567 31.
953 1549 956 1555 Δ
1383 1529 1387 1534 .

459 1574 550 1670 Cap.
570 1572 632 1645 Vl.
660 1572 719 1643 De
734 1572 801 1644 illis
823 1570 886 1665 qui
912 1572 950 1643 in
964 1570 1207 1645 ultimocoelo
1222 1530 1504 1670 conjunctionem
1529 1598 1613 1647 curn
1630 1571 1791 1649 Domino
1806 1574 1869 1647 ba·
1970 1576 1973 1580 ’
2065 1642 2072 1649 ,

407 1672 502 1760 bent,
520 1672 581 1768 qui
599 1672 674 1743 sunt
692 1670 754 1743 lilii
780 1668 1006 1769 Bcujarninb,
1031 1672 1129 1767 quod
1156 1689 1277 1771 pereat
1294 1670 1450 1768 Ecclesia
1476 1673 1573 1769 apud
1603 1673 1680 1746 illos·
1699 1698 1761 1768 per
1782 1671 1876 1747 salsa.

407 1772 504 1859 mali,
530 1768 616 1842 vers.
639 1795 670 1856 r,
691 1792 733 1853 2;
759 1770 856 1865 quod
873 1792 944 1841 non
962 1772 1112 1869 amplius
1139 1794 1264 1846 verum
1290 1789 1326 1841 et
1348 1772 1480 1843 bonurn
1497 1770 1577 1857 illis,
1603 1770 1662 1842 sed
1679 1770 1803 1843 salsum
1830 1792 1874 1845 et-

398 1874 554 1957 ,malum,
580 1892 662 1965 quae
679 1868 830 1964 perdunt
850 1869 942 1955 illos,
960 1870 1045 1943 vers.
1064 1892 1103 1965 3,
1120 1894 1154 1959 4,
1172 1891 1188 1965 5
1205 1905 1214 1953 ;
1241 1869 1341 1964 quod
1358 1868 1515 1945 Ecclesia
1530 1893 1595 1964 per
1611 1868 1672 1939 illa
1693 1870 1790 1966 apud
1806 1894 1865 1942 eos
1890 1865 1894 1876 ’

406 1958 614 2055 destruatur,
631 1965 718 2041 vers.
738 1968 773 2053 6,
794 1989 837 2062 73
864 1968 960 2062 quod
981 1969 1097 2043 adhuc
1126 1968 1192 2041 lint
1207 1969 1323 2064 aliqua
1338 1992 1431 2056 vera,
1455 1990 1499 2041 ne
1515 1966 1575 2040 illa
1591 1968 1750 2063 perdant,
1780 1968 1878 2043 vers.-
1985 2002 1988 2007 ·

411 2076 443 2155 8,
462 2096 507 2169 9;
535 2068 592 2141 sed
622 2092 691 2140 non
720 2066 923 2161 auscultant,
948 2067 1034 2141 vers.
1058 2089 1124 2151 10;
1149 2090 1256 2165 quare
1284 2068 1405 2141 omnia
1432 2067 1671 2153 destruuntur,
1692 2065 1777 2139 vers.
1799 2093 1865 2152 υς

279 2206 284 2215 ·
406 2168 454 2240 sic
480 2168 539 2241 alii
568 2168 648 2239 loco
665 2165 804 2239 illorum
823 2167 1050 2264 recipiantur,
1075 2164 1164 2239 vers.
1185 2189 1253 2250 123
1278 2168 1363 2263 quia
1383 2190 1490 2241 omne
1513 2165 1564 2237 ibi
1588 2164 1789 2261 perversum
1805 2167 1872 2254 est,

405 2286 446 2340 tit
476 2291 548 2341 non
564 2265 711 2361 aliquod
737 2284 899 2339 tutamen
917 2286 1039 2341 contra
1059 2264 1192 2353 salsum,
1219 2264 1306 2339 vers.
1325 2288 1383 2360 13,
1404 2290 1471 2357 143
1498 2287 1576 2362 quae
1590 2288 1661 2337 non
1677 2264 1868 2363 agnoscunt

404 2364 473 2439 else
489 2363 582 2451 salsa,
608 2362 693 2439 vers.
714 2385 782 2458 153
809 2388 849 2436 ac
867 2366 1052 2462 repudiant
1076 2387 1172 2451 vera,
1201 2362 1288 2436 vers.
1310 2367 1368 2450 16,
1390 2387 1460 2458 17³
1485 2386 1593 2460 quare
1621 2364 1769 2437 exitium
1787 2366 1869 2452 illis,

404 2465 491 2537 vers
510 2468 568 2549 18,
589 2476 656 2561 19;
682 2463 765 2547 inde
782 2487 889 2559 opera
906 2464 1021 2537 cultus
1039 2486 1162 2535 eorum
1179 2446 1279 2535 nihili
1304 2464 1448 2549 iaciunt,
1477 2461 1564 2535 vers.
1584 2484 1652 2547 205
1678 2463 1776 2558 quod
1793 2453 1867 2545 illis.
2002 2479 2005 2485 ’
2088 2500 2094 2507 ’

330 2584 334 2597 ’
404 2564 576 2650 interitus,
605 2562 692 2634 vers
714 2582 782 2645 αις
824 2573 890 2658 per
914 2560 1006 2649 salsa,
1037 2561 1234 2655 exquibus
1268 2561 1525 2634 ratiocinantur
1547 2578 1669 2639 contra
1694 2561 1865 2637 Ecclesia

404 2686 498 2749 vera,
515 2658 600 2745 vers.
622 2682 680 2745 22,
701 2682 769 2754 23⁵
795 2658 841 2731 de
857 2658 926 2729 illis
939 2662 998 2753 qui
1014 2657 1218 2755 separantur
1232 2676 1269 2731 et
1283 2658 1405 2733 dolent
1420 2660 1523 2758 super
1533 2683 1607 2746 eos,
1622 2657 1708 2733 vers.
1729 2684 1787 2752 24,
1804 2686 1823 2732 2
1829 2684 1864 2758 ς,

405 2762 474 2843 263
500 2758 598 2855 quod
615 2756 771 2860 perversi
780 2756 932 2856 probati,
958 2777 991 2831 et
1009 2757 1140 2831 inventi
1158 2757 1257 2855 quod
1277 2781 1351 2833 non
1366 2758 1485 2855 aliqua
1500 2758 1693 2845 restitutio,
1707 2759 1796 2832 veis.-
1815 2784 1877 2855 27¹>

400 2858 445 2931 ad
489 2882 524 2933 0.
933 2928 936 2937 ,
1461 2902 1466 2910 -
1584 2888 1587 2892 ·
1734 2876 1738 2885 ’

451 2884 539 3055 gap
558 2954 643 3029 Vll.
672 2962 728 3029 De
745 2956 813 3033 illis
834 2955 950 3052 quiin
974 2950 1108 3030 ultimo
1124 2952 1233 3040 coelo,
1258 2955 1354 3052 apud
1382 2980 1469 3054 quos
1489 2954 1644 3029 Ecclesia
1658 2955 1776 3052 quoad
1797 2955 1864 3029 bo-

401 3082 512 3144 num,
526 3056 570 3134 ad
588 3056 678 3142 illos,
704 3054 788 3132 vers.
811 3079 906 3139 1,‚2;
933 3071 974 3124 ut
990 3054 1141 3148 spectent
1157 3054 1203 3125 ad
1219 3079 1301 3126 vera
1318 3074 1354 3126 et
1368 3055 1473 3141 bona,
1493 3054 1580 3128 vers.
1594 3080 1615 3152 3
1625 3091 1635 3140 ;
1659 3080 1704 3128 ne
1715 3055 1873 3130 credant-

400 3155 494 3250 quod
512 3154 605 3246 apud
638 3153 729 3240 illos.¹
745 3150 901 3222 Ecclesia
919 3149 973 3236 sit,
1001 3149 1086 3248 vers.
1105 3178 1150 3241 43
1176 3150 1242 3222 nisi
1258 3153 1378 3224 vivant
1405 3152 1598 3226 secundum
1618 3176 1803 3252 praecepta,
1825 3173 1872 3230 etw

401 3275 472 3322 non
490 3250 620 3321 violent
637 3249 808 3334 Verbum,
826 3247 913 3320 vers.
935 3271 968 3342 ς,
985 3250 1029 3333 6;
1046 3250 1150 3344 quod
1162 3250 1222 3322 illa
1233 3273 1305 3322 non
1323 3249 1453 3325 saciant
1470 3255 1568 3347 quod
1584 3251 1751 3342 Ecclesia,
1768 3253 1868 3330 vers..

400 3373 444 3443 73
472 3349 636 3422 ficontra
663 3365 840 3444 praecepta
866 3347 1007 3434 vivitur,
1029 3349 1125 3446 quod
1155 3372 1227 3422 non
1253 3349 1420 3424 Ecclesia
1447 3351 1562 3426 cultus
1584 3352 1636 3439 sit,
1654 3351 1740 3426 vers.
1763 3358 1795 3440 8,
1819 3380 1856 3450 9,
1985 3409 1988 3417 .

402 3470 469 3532 10;
496 3447 761 3544 quodEcclefia
780 3445 927 3518 Domini
956 3470 1029 3522 non
1057 3445 1100 3518 sit
1123 3448 1192 3534 illis
1220 3448 1280 3544 qui
1297 3450 1516 3546 prophanam
1531 3451 1654 3538 sanbla,
1679 3448 1767 3524 vers.
1790 3476 1854 3537 113

396 3573 467 3645 per.
478 3544 777 3626 infir-destructio
800 3543 980 3628 Ecclesiae,
1002 3544 1090 3616 sicut
1105 3545 1202 3630 alibi,
1230 3547 1340 3624 etiam
1359 3549 1429 3633 bic,
1455 3548 1540 3619 vers.
1563 3572 1606 3619 ia
1624 3552 1669 3623 ad
1686 3573 1727 3646 15
1742 3569 1764 3633 ς’
1779 3574 1887 3628 non„
1955 3580 1961 3599 ι

394 3647 507 3723 valeat
523 3641 727 3730 intercessio,
756 3639 843 3713 vers.
865 3642 932 3722 16,
956 3639 1042 3735 'quia
1070 3657 1207 3716 certum
1235 3646 1328 3737 quod
1347 3645 1573 3740 ‘prophanent
1589 3671 1672 3719 vera
1698 3667 1733 3718 et
1756 3649 1865 3726 bona,
1992 3679 1997 3686 ·

395 3747 492 3836 coeli,
511 3746 595 3816 vers.
618 3741 724 3837 17,‚ad
745 3764 807 3838 19;
827 3737 918 3812 ¹inde
935 3737 1094 3831 interitus
1108 3739 1285 3826 omnium,
1314 3742 1398 3813 vers.
1419 3763 1486 3826 203
1514 3745 1610 3839 quod
1625 3744 1733 3816 fidant
1748 3746 1865 3843 super,

394 3863 538 3922 externa
556 3833 692 3927 cultus,¹
707 3864 785 3938 quae
802 3839 904 3910 nihili
916 3835 1008 3924 sunt,
1035 3837 1117 3935 quia
1133 3839 1229 3912 nulla
1245 3839 1380 3938 interna
1395 3840 1511 3913 cultus
1528 3842 1613 3928 illis,¹
1624 3844 1711 3930 vers.
1732 3867 1773 3916 ει
1804 3842 1878 3919 ad·
1960 3871 1981 3889 i*
2014 3873 2019 3881 ’

373 3937 383 3948 ’
398 3970 446 4036 24
456 3980 465 4028 ;
491 3943 589 4040 quod
608 3941 738 4016 obnixe
754 3938 936 4040 rejecerint
953 3937 1100 4024 interna,
1118 3935 1223 4036 usque
1237 3963 1259 4010 a
1274 3938 1465 4051 principio,
1482 3939 1569 4013 vers.
1590 3964 1609 4014 2
1615 3963 1649 4038 ς,
1669 3946 1736 4042 2623
1763 3969 1864 4040 quo-⁴

248 4125 256 4138 ,
396 4046 492 4120 niam
510 4041 723 4114 reformatio.
739 4036 878 4124 frustra,
895 4036 1080 4136 ¹rejicictur
1094 4061 1199 4112 omne
1226 4039 1340 4112 cultus
1367 4063 1502 4150 eorum,
1527 4042 1609 4136 quia
1624 4043 1864 4140 prophanant
1990 4033 1996 4049 ’

395 4143 515 4220 omnia
531 4140 714 4225 Ecclesiae,
728 4138 814 4212 vers.
836 4157 879 4230 27
898 4138 942 4208 ad
960 4158 1032 4230 315
1056 4137 1159 4233 quod.
1171 4137 1405 4238 conjicientur
1420 4139 1457 4208 in
1477 4137 1668 4224 msernum,
1699 4141 1758 4214 ubi
1775 4166 1864 4219 non.

245 4239 254 4268 ⁸
281 4216 284 4224 ⁶
397 4243 458 4320 nisi
474 4263 583 4336 quam
611 4237 795 4318 falsumiet
811 4236 959 4323 malum,
981 4235 1066 4312 vers.
1084 4259 1145 4334 32,
1163 4260 1243 4341 333,
1259 4237 1315 4309 ita
1336 4233 1494 4310 Ecclesia
1519 4236 1577 4312 illa
1604 4238 1761 4335 peritura
1784 4240 1866 4329 est„

393 4341 660 4538 verdaiilllll.
687 4433 795 4533 Quod
813 4433 1089 4530 prophanatores
1105 4431 1181 4510 veri
1196 4433 1432 4534 conjicientur
1442 4400 1484 4507 ‘in
1499 4435 1677 4511 inserrsrun
1692 4455 1728 4513 et
1743 4464 1849 4533 man-

365 4549 367 4557 ’
396 4536 463 4610 suri
481 4536 516 4606 in
557 4537 722 4635 rophanis
739 4537 816 4620 suis,
843 4531 930 4606 vers.
952 4558 983 4618 1,
1002 4559 1043 4622 23
1070 4534 1172 4633 quod
1194 4535 1315 4608 omnia
1331 4537 1605 4630 reliquaeorum
1629 4538 1739 4608 etiam
1755 4539 1864 4612 inte-·¹

394 4637 505 4722 ritui-a
533 4654 596 4721 int,
626 4633 711 4708 vers.
730 4660 750 4732 3
766 4672 775 4719 ς
802 4633 998 4730 quodtales
1014 4633 1081 4714 sint
1096 4651 1235 4714 utnon
1249 4631 1379 4731 possint
1393 4636 1549 4709 converti
1563 4653 1599 4706 et
1612 4636 1747 4724 reduci,
1760 4635 1866 4716 verst.

319 4768 326 4776 .
393 4765 433 4830 4,
449 4755 482 4831 ς,
501 4734 546 4817 43
572 4735 667 4828 quod
686 4761 757 4808 non
774 4734 890 4808 velint:
907 4731 993 4808 scire
1008 4733 1150 4832 aliquod
1170 4757 1295 4809 verum
1311 4756 1355 4804 ex
1372 4731 1503 4819 Verbo,
1529 4731 1720 4834 rejicientes
1746 4730 1849 4827 illud,
1990 4764 1993 4769 ⁴

393 4833 480 4906 vers.
497 4831 573 4927 7ad
587 4858 630 4929 9³
648 4857 754 4928 quare
771 4833 1099 4930 illaquaeapudeos
1111 4833 1286 4906 dabuntur
1301 4833 1388 4919 aliis,
1400 4833 1486 4905 vers.
1503 4851 1569 4916 10'3
1585 4837 1681 4929 quod
1694 4833 1776 4909 falsa
1787 4835 1847 4916 sua
1858 4894 1866 4914 -.
1887 4881 1891 4886 ·

219 4982 221 4993 ·
303 4995 306 5006 .
394 4933 594 5018 defendant,
619 4950 654 5001 ct
669 4933 790 5008 dicant
820 4931 887 5004 effe
904 4931 1179 5019 veraEcclesiae,
1205 4931 1303 5027 quod
1325 4955 1394 5004 non
1411 4932 1645 5018 velint-aliter,
1671 4934 1765 5008 vers·-
1787 4958 1865 5022 rr„

400 5056 464 5117 ia,
491 5057 599 5130 quare
616 5033 696 5129 quia
713 5031 800 5106 nihil
814 5032 885 5105 veri
902 5047 937 5101 et
953 5031 1037 5102 boni
1056 5033 1219 5128 amplius,
1233 5032 1379 5126 perituri
1391 5029 1481 5136 sunt,
1497 5029 1584 5102 vers.
1595 5055 1636 5126 13
1652 5067 1662 5115 t
1676 5031 1864 5111 recursus,

394 5133 438 5203 ad
457 5133 630 5220 Verbum,
662 5129 720 5206 sed
739 5130 874 5219 sruslra,
903 5127 987 5211 vers.
1011 5155 1067 5221 14,
1087 5154 1153 5232 15;
1180 5149 1263 5210 tunc
1290 5129 1436 5203 sallaciae
1453 5129 1609 5204 sensualis
1626 5131 1790 5220 hominis,
1808 5150 1862 5216 et,

381 5251 441 5336 cit
453 5229 507 5310 li‘ts
524 5231 802 5364 ratiocinationes
829 5228 991 5338 perdent¹
1008 5229 1099 5320 illos,
1122 5250 1156 5320 et
1168 5303 1172 5312 ,
1185 5228 1399 5311 insectabunt
1410 5245 1563 5321 renerio,
1592 5227 1678 5307 vers.
1698 5231 1770 5403 16ΞΙ
1769 5247 1827 5405 313)
1828 5290 1846 5408 j
