<?xml version="1.0" encoding="UTF-8"?>
<!DOCTYPE html PUBLIC "-//W3C//DTD XHTML 1.0 Transitional//EN"
    "http://www.w3.org/TR/xhtml1/DTD/xhtml1-transitional.dtd">
<html xmlns="http://www.w3.org/1999/xhtml" xml:lang="en" lang="en">
 <head>
  <title>
</title>
<meta http-equiv="Content-Type" content="text/html;charset=utf-8" />
  <meta name='ocr-system' content='tesseract 3.04.00' />
  <meta name='ocr-capabilities' content='ocr_page ocr_carea ocr_par ocr_line ocrx_word'/>
</head>
<body>
  <div class='ocr_page' id='page_1' title='image "./summariaexposit01swedgoog_0075.png"; bbox 0 0 4767 6125; ppageno 0'>
   <div class='ocr_carea' id='block_1_1' title="bbox 399 1590 2036 1868">
    <p class='ocr_par' dir='ltr' id='par_1_1' title="bbox 399 1590 2036 1868">
     <span class='ocr_line' id='line_1_1' title="bbox 487 1590 2036 1748; baseline -0.005 -23"><span class='ocrx_word' id='word_1_1' title='bbox 487 1590 563 1730; x_wconf 80' lang='lat' dir='ltr'>IN</span> <span class='ocrx_word' id='word_1_2' title='bbox 587 1650 710 1727; x_wconf 88' lang='lat' dir='ltr'>Verbo</span> <span class='ocrx_word' id='word_1_3' title='bbox 726 1646 860 1720; x_wconf 83' lang='lat' dir='ltr'>Veteris</span> <span class='ocrx_word' id='word_1_4' title='bbox 885 1644 1102 1719; x_wconf 83' lang='lat' dir='ltr'>Testamenti</span> <span class='ocrx_word' id='word_1_5' title='bbox 1133 1646 1254 1719; x_wconf 87' lang='lat' dir='ltr'>omnia</span> <span class='ocrx_word' id='word_1_6' title='bbox 1285 1642 1510 1746; x_wconf 85' lang='lat' dir='ltr'>Prophetica,</span> <span class='ocrx_word' id='word_1_7' title='bbox 1542 1644 1730 1741; x_wconf 70' lang='lat' dir='ltr'>Hillorlca,</span> <span class='ocrx_word' id='word_1_8' title='bbox 1754 1664 1790 1721; x_wconf 82' lang='lat' dir='ltr'>et</span> <span class='ocrx_word' id='word_1_9' title='bbox 1814 1615 1946 1720; x_wconf 83' lang='lat' dir='ltr'>Psalmi</span> <span class='ocrx_word' id='word_1_10' title='bbox 2008 1598 2036 1748; x_wconf 80' lang='grc' dir='ltr'> </span> 
     </span>
     <span class='ocr_line' id='line_1_2' title="bbox 399 1768 1557 1868; baseline -0.003 -19"><span class='ocrx_word' id='word_1_11' title='bbox 399 1796 403 1807; x_wconf 95' lang='grc'><em>·</em></span> <span class='ocrx_word' id='word_1_12' title='bbox 487 1772 647 1861; x_wconf 79' lang='lat' dir='ltr'>Davidis,</span> <span class='ocrx_word' id='word_1_13' title='bbox 673 1771 718 1845; x_wconf 86' lang='lat' dir='ltr'>ad</span> <span class='ocrx_word' id='word_1_14' title='bbox 737 1770 987 1868; x_wconf 77' lang='lat' dir='ltr'>septendecim</span> <span class='ocrx_word' id='word_1_15' title='bbox 1003 1770 1077 1843; x_wconf 75' lang='lat' dir='ltr'>haec</span> <span class='ocrx_word' id='word_1_16' title='bbox 1095 1768 1230 1844; x_wconf 69' lang='lat' dir='ltr'>Puncta</span> <span class='ocrx_word' id='word_1_17' title='bbox 1247 1768 1475 1847; x_wconf 80' lang='lat' dir='ltr'>serefcrunt:</span> <span class='ocrx_word' id='word_1_18' title='bbox 1552 1846 1557 1853; x_wconf 82' lang='grc'><strong>,</strong></span> 
     </span>
    </p>
   </div>
   <div class='ocr_carea' id='block_1_2' title="bbox 412 2017 1676 2514">
    <p class='ocr_par' dir='ltr' id='par_1_2' title="bbox 412 2017 1676 2514">
     <span class='ocr_line' id='line_1_3' title="bbox 512 2017 1057 2139; baseline -0.009 -21"><span class='ocrx_word' id='word_1_19' title='bbox 512 2134 515 2139; x_wconf 22' lang='lat'>¹</span> <span class='ocrx_word' id='word_1_20' title='bbox 578 2042 609 2117; x_wconf 93' lang='lat' dir='ltr'>I.</span> <span class='ocrx_word' id='word_1_21' title='bbox 638 2046 694 2135; x_wconf 89' lang='lat' dir='ltr'>De</span> <span class='ocrx_word' id='word_1_22' title='bbox 715 2017 878 2117; x_wconf 68' lang='lat' dir='ltr'>Adventu</span> <span class='ocrx_word' id='word_1_23' title='bbox 895 2038 1057 2115; x_wconf 84' lang='lat' dir='ltr'><strong>Domini.</strong></span> 
     </span>
     <span class='ocr_line' id='line_1_4' title="bbox 412 2142 1380 2252; baseline 0.012 -24"><span class='ocrx_word' id='word_1_24' title='bbox 412 2206 419 2228; x_wconf 85' lang='lat'>.</span> <span class='ocrx_word' id='word_1_25' title='bbox 473 2142 478 2159; x_wconf 80' lang='grc'><strong>’</strong></span> <span class='ocrx_word' id='word_1_26' title='bbox 551 2164 605 2239; x_wconf 92' lang='lat'>11.</span> <span class='ocrx_word' id='word_1_27' title='bbox 632 2161 690 2237; x_wconf 90' lang='lat' dir='ltr'>De</span> <span class='ocrx_word' id='word_1_28' title='bbox 708 2161 876 2235; x_wconf 87' lang='lat' dir='ltr'>Ecclesiae</span> <span class='ocrx_word' id='word_1_29' title='bbox 894 2160 1302 2252; x_wconf 69' lang='lat' dir='ltr'>succeffiiavastatione.</span> <span class='ocrx_word' id='word_1_30' title='bbox 1375 2208 1380 2214; x_wconf 95' lang='lat'><em>·</em></span> 
     </span>
     <span class='ocr_line' id='line_1_5' title="bbox 538 2266 1676 2388; baseline -0.004 -23"><span class='ocrx_word' id='word_1_31' title='bbox 538 2290 609 2365; x_wconf 91' lang='lat' dir='ltr'>llI.</span> <span class='ocrx_word' id='word_1_32' title='bbox 636 2289 693 2363; x_wconf 90' lang='lat' dir='ltr'>De</span> <span class='ocrx_word' id='word_1_33' title='bbox 710 2266 867 2361; x_wconf 86' lang='lat' dir='ltr'>Ecclesia</span> <span class='ocrx_word' id='word_1_34' title='bbox 884 2288 1037 2361; x_wconf 87' lang='lat' dir='ltr'>totaliter</span> <span class='ocrx_word' id='word_1_35' title='bbox 1053 2288 1244 2378; x_wconf 82' lang='lat' dir='ltr'>devastata,</span> <span class='ocrx_word' id='word_1_36' title='bbox 1261 2305 1296 2362; x_wconf 86' lang='lat' dir='ltr'>et</span> <span class='ocrx_word' id='word_1_37' title='bbox 1313 2288 1356 2362; x_wconf 86' lang='lat' dir='ltr'>de</span> <span class='ocrx_word' id='word_1_38' title='bbox 1372 2286 1445 2387; x_wconf 81' lang='lat' dir='ltr'>ejus</span> <span class='ocrx_word' id='word_1_39' title='bbox 1463 2284 1676 2388; x_wconf 74' lang='lat' dir='ltr'>Rejellionc.</span> 
     </span>
     <span class='ocr_line' id='line_1_6' title="bbox 543 2408 1417 2514; baseline -0.006 -26"><span class='ocrx_word' id='word_1_40' title='bbox 543 2414 608 2488; x_wconf 92' lang='lat' dir='ltr'>IV.</span> <span class='ocrx_word' id='word_1_41' title='bbox 635 2412 692 2485; x_wconf 90' lang='lat' dir='ltr'>De</span> <span class='ocrx_word' id='word_1_42' title='bbox 710 2410 911 2511; x_wconf 68' lang='lat' dir='ltr'>Rejeclione</span> <span class='ocrx_word' id='word_1_43' title='bbox 929 2408 1080 2485; x_wconf 88' lang='lat' dir='ltr'>Domini</span> <span class='ocrx_word' id='word_1_44' title='bbox 1097 2412 1142 2483; x_wconf 87' lang='lat' dir='ltr'>ab</span> <span class='ocrx_word' id='word_1_45' title='bbox 1160 2410 1329 2486; x_wconf 78' lang='lat' dir='ltr'>Ecclesia.</span> <span class='ocrx_word' id='word_1_46' title='bbox 1409 2502 1417 2514; x_wconf 19' lang='grc' dir='ltr'>ἱ</span> 
     </span>
    </p>
   </div>
   <div class='ocr_carea' id='block_1_3' title="bbox 543 2534 1707 2752">
    <p class='ocr_par' dir='ltr' id='par_1_3' title="bbox 543 2534 1707 2752">
     <span class='ocr_line' id='line_1_7' title="bbox 555 2534 1357 2634; baseline -0.004 -22"><span class='ocrx_word' id='word_1_47' title='bbox 555 2544 605 2612; x_wconf 88' lang='lat' dir='ltr'>V.</span> <span class='ocrx_word' id='word_1_48' title='bbox 632 2536 691 2611; x_wconf 92' lang='lat' dir='ltr'>De</span> <span class='ocrx_word' id='word_1_49' title='bbox 708 2534 979 2607; x_wconf 83' lang='lat' dir='ltr'>Tentationibus</span> <span class='ocrx_word' id='word_1_50' title='bbox 995 2534 1145 2607; x_wconf 88' lang='lat' dir='ltr'>Domini</span> <span class='ocrx_word' id='word_1_51' title='bbox 1161 2537 1199 2608; x_wconf 90' lang='lat' dir='ltr'>in</span> <span class='ocrx_word' id='word_1_52' title='bbox 1214 2561 1357 2634; x_wconf 83' lang='lat' dir='ltr'>genere.</span> 
     </span>
     <span class='ocr_line' id='line_1_8' title="bbox 543 2641 1707 2752; baseline 0 -22"><span class='ocrx_word' id='word_1_53' title='bbox 543 2657 609 2730; x_wconf 90' lang='lat' dir='ltr'>VI.</span> <span class='ocrx_word' id='word_1_54' title='bbox 639 2656 696 2729; x_wconf 87' lang='lat' dir='ltr'>Dc</span> <span class='ocrx_word' id='word_1_55' title='bbox 712 2654 820 2752; x_wconf 80' lang='lat' dir='ltr'>Ipsius</span> <span class='ocrx_word' id='word_1_56' title='bbox 838 2652 1108 2729; x_wconf 81' lang='lat' dir='ltr'>Tentationibus</span> <span class='ocrx_word' id='word_1_57' title='bbox 1129 2652 1238 2749; x_wconf 84' lang='lat' dir='ltr'>usque</span> <span class='ocrx_word' id='word_1_58' title='bbox 1264 2657 1310 2727; x_wconf 86' lang='lat' dir='ltr'>ad</span> <span class='ocrx_word' id='word_1_59' title='bbox 1334 2641 1632 2751; x_wconf 80' lang='lat' dir='ltr'>Desperationcm.</span> <span class='ocrx_word' id='word_1_60' title='bbox 1703 2736 1707 2745; x_wconf 59' lang='grc'><em>,</em></span> 
     </span>
    </p>
   </div>
   <div class='ocr_carea' id='block_1_4' title="bbox 296 2764 1916 3136">
    <p class='ocr_par' dir='ltr' id='par_1_4' title="bbox 296 2764 1916 3136">
     <span class='ocr_line' id='line_1_9' title="bbox 296 2764 1916 2898; baseline -0.006 -42"><span class='ocrx_word' id='word_1_61' title='bbox 296 2880 301 2891; x_wconf 34' lang='grc'><em>·</em></span> <span class='ocrx_word' id='word_1_62' title='bbox 430 2764 438 2775; x_wconf 57' lang='grc'><strong>’</strong></span> <span class='ocrx_word' id='word_1_63' title='bbox 517 2780 605 2855; x_wconf 88' lang='lat' dir='ltr'>Vll.</span> <span class='ocrx_word' id='word_1_64' title='bbox 633 2778 690 2855; x_wconf 91' lang='lat' dir='ltr'>De</span> <span class='ocrx_word' id='word_1_65' title='bbox 710 2778 842 2877; x_wconf 84' lang='lat' dir='ltr'>Pugnis</span> <span class='ocrx_word' id='word_1_66' title='bbox 859 2776 1011 2851; x_wconf 90' lang='lat' dir='ltr'>Domini</span> <span class='ocrx_word' id='word_1_67' title='bbox 1029 2800 1112 2851; x_wconf 89' lang='lat' dir='ltr'>cum</span> <span class='ocrx_word' id='word_1_68' title='bbox 1134 2776 1294 2851; x_wconf 85' lang='lat' dir='ltr'>Infernis.</span> <span class='ocrx_word' id='word_1_69' title='bbox 1651 2883 1664 2898; x_wconf 74' lang='lat'>.</span> <span class='ocrx_word' id='word_1_70' title='bbox 1912 2871 1916 2876; x_wconf 11' lang='grc' dir='ltr'><strong>ἡ</strong></span> 
     </span>
     <span class='ocr_line' id='line_1_10' title="bbox 503 2898 1785 3005; baseline 0 -25"><span class='ocrx_word' id='word_1_71' title='bbox 503 2906 607 2982; x_wconf 89' lang='lat' dir='ltr'>VIII.</span> <span class='ocrx_word' id='word_1_72' title='bbox 635 2906 693 2981; x_wconf 87' lang='lat' dir='ltr'>De</span> <span class='ocrx_word' id='word_1_73' title='bbox 711 2906 822 3005; x_wconf 83' lang='lat' dir='ltr'>Ipsius</span> <span class='ocrx_word' id='word_1_74' title='bbox 839 2902 996 2978; x_wconf 63' lang='lat' dir='ltr'>Villoria</span> <span class='ocrx_word' id='word_1_75' title='bbox 1011 2902 1112 3003; x_wconf 88' lang='lat' dir='ltr'>super</span> <span class='ocrx_word' id='word_1_76' title='bbox 1127 2902 1209 2992; x_wconf 89' lang='lat' dir='ltr'>illis,</span> <span class='ocrx_word' id='word_1_77' title='bbox 1225 2898 1283 2976; x_wconf 87' lang='lat' dir='ltr'>seu</span> <span class='ocrx_word' id='word_1_78' title='bbox 1299 2900 1344 2975; x_wconf 86' lang='lat' dir='ltr'>de</span> <span class='ocrx_word' id='word_1_79' title='bbox 1361 2901 1614 3005; x_wconf 72' lang='lat' dir='ltr'>Subjugotione</span> <span class='ocrx_word' id='word_1_80' title='bbox 1630 2901 1785 2980; x_wconf 86' lang='lat' dir='ltr'>illorum.</span> 
     </span>
     <span class='ocr_line' id='line_1_11' title="bbox 532 3022 1586 3136; baseline -0.009 -25"><span class='ocrx_word' id='word_1_81' title='bbox 532 3032 605 3136; x_wconf 81' lang='lat' dir='ltr'>IX.</span> <span class='ocrx_word' id='word_1_82' title='bbox 632 3029 692 3106; x_wconf 92' lang='lat' dir='ltr'>De</span> <span class='ocrx_word' id='word_1_83' title='bbox 710 3029 865 3105; x_wconf 87' lang='lat' dir='ltr'>Pallione</span> <span class='ocrx_word' id='word_1_84' title='bbox 883 3028 1021 3119; x_wconf 63' lang='lat' dir='ltr'>Crucis,</span> <span class='ocrx_word' id='word_1_85' title='bbox 1047 3052 1126 3133; x_wconf 82' lang='lat' dir='ltr'>quae</span> <span class='ocrx_word' id='word_1_86' title='bbox 1143 3026 1210 3104; x_wconf 81' lang='lat' dir='ltr'>fuit</span> <span class='ocrx_word' id='word_1_87' title='bbox 1225 3028 1353 3104; x_wconf 86' lang='lat' dir='ltr'>ultima</span> <span class='ocrx_word' id='word_1_88' title='bbox 1372 3029 1552 3104; x_wconf 83' lang='lat' dir='ltr'>Tentatio.</span> <span class='ocrx_word' id='word_1_89' title='bbox 1578 3022 1586 3029; x_wconf 84' lang='grc'><strong>’</strong></span> 
     </span>
    </p>
   </div>
   <div class='ocr_carea' id='block_1_5' title="bbox 450 3128 2196 3374">
    <p class='ocr_par' dir='ltr' id='par_1_5' title="bbox 450 3128 2196 3374">
     <span class='ocr_line' id='line_1_12' title="bbox 450 3128 2196 3249; baseline 0 -16"><span class='ocrx_word' id='word_1_90' title='bbox 450 3237 455 3244; x_wconf 74' lang='grc'><em>,</em></span> <span class='ocrx_word' id='word_1_91' title='bbox 542 3155 601 3233; x_wconf 58' lang='grc' dir='ltr'>«Χ.</span> <span class='ocrx_word' id='word_1_92' title='bbox 628 3155 959 3234; x_wconf 85' lang='lat' dir='ltr'>DeGlorificaiione</span> <span class='ocrx_word' id='word_1_93' title='bbox 972 3128 1943 3249; x_wconf 62' lang='lat' dir='ltr'>HumaniDomIni,seu&#39;deUnitloneilliuicumDivlno.</span> <span class='ocrx_word' id='word_1_94' title='bbox 2027 3166 2029 3169; x_wconf 81' lang='grc'><strong>’</strong></span> <span class='ocrx_word' id='word_1_95' title='bbox 2189 3164 2196 3172; x_wconf 85' lang='grc'><em>’</em></span> 
     </span>
     <span class='ocr_line' id='line_1_13' title="bbox 482 3271 1238 3374; baseline -0.007 -20"><span class='ocrx_word' id='word_1_96' title='bbox 482 3271 487 3280; x_wconf 60' lang='grc'><strong><em>’</em></strong></span> <span class='ocrx_word' id='word_1_97' title='bbox 532 3279 600 3354; x_wconf 84' lang='grc' dir='ltr'>ΧΙ.</span> <span class='ocrx_word' id='word_1_98' title='bbox 628 3279 686 3352; x_wconf 87' lang='lat' dir='ltr'>De</span> <span class='ocrx_word' id='word_1_99' title='bbox 702 3279 808 3353; x_wconf 89' lang='lat' dir='ltr'>Nova</span> <span class='ocrx_word' id='word_1_100' title='bbox 825 3273 985 3352; x_wconf 76' lang='lat' dir='ltr'>Ecclesia</span> <span class='ocrx_word' id='word_1_101' title='bbox 1000 3277 1080 3350; x_wconf 88' lang='lat' dir='ltr'>loco</span> <span class='ocrx_word' id='word_1_102' title='bbox 1095 3279 1238 3374; x_wconf 84' lang='lat' dir='ltr'>prioris.</span> 
     </span>
    </p>
   </div>
   <div class='ocr_carea' id='block_1_6' title="bbox 476 3339 1541 3758">
    <p class='ocr_par' dir='ltr' id='par_1_6' title="bbox 476 3339 1541 3758">
     <span class='ocr_line' id='line_1_14' title="bbox 514 3339 1541 3486; baseline 0.003 -11"><span class='ocrx_word' id='word_1_103' title='bbox 514 3399 607 3475; x_wconf 91' lang='lat' dir='ltr'>XII.</span> <span class='ocrx_word' id='word_1_104' title='bbox 633 3399 691 3472; x_wconf 87' lang='lat' dir='ltr'>De</span> <span class='ocrx_word' id='word_1_105' title='bbox 707 3399 813 3474; x_wconf 85' lang='lat' dir='ltr'>Nova</span> <span class='ocrx_word' id='word_1_106' title='bbox 829 3399 995 3486; x_wconf 78' lang='lat' dir='ltr'>Ecclesia,</span> <span class='ocrx_word' id='word_1_107' title='bbox 1013 3416 1048 3470; x_wconf 82' lang='lat' dir='ltr'>et</span> <span class='ocrx_word' id='word_1_108' title='bbox 1064 3397 1164 3472; x_wconf 90' lang='lat' dir='ltr'>simul</span> <span class='ocrx_word' id='word_1_109' title='bbox 1181 3399 1225 3473; x_wconf 86' lang='lat' dir='ltr'>de</span> <span class='ocrx_word' id='word_1_110' title='bbox 1241 3399 1352 3475; x_wconf 92' lang='lat' dir='ltr'>Novo</span> <span class='ocrx_word' id='word_1_111' title='bbox 1368 3339 1491 3479; x_wconf 85' lang='lat' dir='ltr'>Coelo.</span> <span class='ocrx_word' id='word_1_112' title='bbox 1537 3416 1541 3422; x_wconf 83' lang='grc'><strong>’</strong></span> 
     </span>
     <span class='ocr_line' id='line_1_15' title="bbox 493 3521 1436 3642; baseline -0.001 -40"><span class='ocrx_word' id='word_1_113' title='bbox 493 3521 602 3642; x_wconf 80' lang='lat' dir='ltr'>XIII,</span> <span class='ocrx_word' id='word_1_114' title='bbox 630 3523 687 3600; x_wconf 86' lang='lat' dir='ltr'>De</span> <span class='ocrx_word' id='word_1_115' title='bbox 706 3525 964 3600; x_wconf 83' lang='lat' dir='ltr'>Humiliatione</span> <span class='ocrx_word' id='word_1_116' title='bbox 976 3523 1125 3599; x_wconf 89' lang='lat' dir='ltr'>Domini</span> <span class='ocrx_word' id='word_1_117' title='bbox 1142 3547 1266 3602; x_wconf 70' lang='lat' dir='ltr'>coram</span> <span class='ocrx_word' id='word_1_118' title='bbox 1278 3522 1436 3602; x_wconf 80' lang='lat' dir='ltr'>Patrem.</span> 
     </span>
     <span class='ocr_line' id='line_1_16' title="bbox 476 3647 1293 3758; baseline 0.002 -34"><span class='ocrx_word' id='word_1_119' title='bbox 476 3681 482 3689; x_wconf 63' lang='lat'>¹</span> <span class='ocrx_word' id='word_1_120' title='bbox 500 3655 557 3724; x_wconf 89' lang='lat' dir='ltr'>XI</span> <span class='ocrx_word' id='word_1_121' title='bbox 562 3647 607 3723; x_wconf 93' lang='lat' dir='ltr'>V.</span> <span class='ocrx_word' id='word_1_122' title='bbox 634 3651 748 3726; x_wconf 85' lang='lat' dir='ltr'>Status</span> <span class='ocrx_word' id='word_1_123' title='bbox 767 3651 950 3750; x_wconf 77' lang='lat' dir='ltr'>Unitjonis</span> <span class='ocrx_word' id='word_1_124' title='bbox 966 3676 1051 3727; x_wconf 90' lang='lat' dir='ltr'>cum</span> <span class='ocrx_word' id='word_1_125' title='bbox 1070 3651 1203 3758; x_wconf 82' lang='lat' dir='ltr'>Divino</span> <span class='ocrx_word' id='word_1_126' title='bbox 1220 3651 1293 3726; x_wconf 84' lang='lat' dir='ltr'>luo.</span> 
     </span>
    </p>
   </div>
   <div class='ocr_carea' id='block_1_7' title="bbox 407 3770 1205 3970">
    <p class='ocr_par' dir='ltr' id='par_1_7' title="bbox 407 3770 1205 3970">
     <span class='ocr_line' id='line_1_17' title="bbox 407 3770 1184 3870; baseline -0.005 -18"><span class='ocrx_word' id='word_1_127' title='bbox 407 3841 425 3852; x_wconf 85' lang='lat'>.</span> <span class='ocrx_word' id='word_1_128' title='bbox 517 3770 605 3845; x_wconf 89' lang='lat' dir='ltr'>XV.</span> <span class='ocrx_word' id='word_1_129' title='bbox 631 3773 688 3848; x_wconf 88' lang='lat' dir='ltr'>De</span> <span class='ocrx_word' id='word_1_130' title='bbox 707 3775 846 3850; x_wconf 88' lang='lat' dir='ltr'>Ultimo</span> <span class='ocrx_word' id='word_1_131' title='bbox 863 3776 1005 3870; x_wconf 89' lang='lat' dir='ltr'>Judicio</span> <span class='ocrx_word' id='word_1_132' title='bbox 1027 3778 1071 3850; x_wconf 84' lang='lat' dir='ltr'>ab</span> <span class='ocrx_word' id='word_1_133' title='bbox 1088 3775 1184 3870; x_wconf 91' lang='lat' dir='ltr'>Ipso.</span> 
     </span>
     <span class='ocr_line' id='line_1_18' title="bbox 503 3893 1205 3970; baseline -0.006 -2"><span class='ocrx_word' id='word_1_134' title='bbox 503 3893 607 3970; x_wconf 90' lang='lat' dir='ltr'>XVI.</span> <span class='ocrx_word' id='word_1_135' title='bbox 635 3894 835 3968; x_wconf 67' lang='lat' dir='ltr'>celebratio</span> <span class='ocrx_word' id='word_1_136' title='bbox 852 3915 887 3968; x_wconf 90' lang='lat' dir='ltr'>et</span> <span class='ocrx_word' id='word_1_137' title='bbox 904 3896 1027 3967; x_wconf 87' lang='lat' dir='ltr'>Cultus</span> <span class='ocrx_word' id='word_1_138' title='bbox 1045 3893 1205 3966; x_wconf 91' lang='lat' dir='ltr'>Domini.</span> 
     </span>
    </p>
   </div>
   <div class='ocr_carea' id='block_1_8' title="bbox 486 3967 1515 4116">
    <p class='ocr_par' dir='ltr' id='par_1_8' title="bbox 486 3967 1515 4116">
     <span class='ocr_line' id='line_1_19' title="bbox 486 3967 1515 4116; baseline 0.004 -26"><span class='ocrx_word' id='word_1_139' title='bbox 486 4011 610 4094; x_wconf 88' lang='lat' dir='ltr'>XVII.</span> <span class='ocrx_word' id='word_1_140' title='bbox 633 4013 691 4096; x_wconf 88' lang='lat' dir='ltr'>De</span> <span class='ocrx_word' id='word_1_141' title='bbox 706 4015 969 4116; x_wconf 87' lang='lat' dir='ltr'>Redemptione</span> <span class='ocrx_word' id='word_1_142' title='bbox 991 4035 1026 4094; x_wconf 89' lang='lat' dir='ltr'>et</span> <span class='ocrx_word' id='word_1_143' title='bbox 1042 4013 1242 4096; x_wconf 80' lang='lat' dir='ltr'>Salvatione</span> <span class='ocrx_word' id='word_1_144' title='bbox 1256 4039 1278 4092; x_wconf 85' lang='lat' dir='ltr'>a</span> <span class='ocrx_word' id='word_1_145' title='bbox 1294 4014 1466 4097; x_wconf 79' lang='lat' dir='ltr'>Domino</span> <span class='ocrx_word' id='word_1_146' title='bbox 1509 3967 1515 3973; x_wconf 28' lang='lat'>¹</span> 
     </span>
    </p>
   </div>
   <div class='ocr_carea' id='block_1_9' title="bbox 0 0 2388 6116">
    <p class='ocr_par' dir='ltr' id='par_1_9' title="bbox 0 0 2388 6116">
     <span class='ocr_line' id='line_1_20' title="bbox 0 0 2388 6116; baseline 0 0"><span class='ocrx_word' id='word_1_147' title='bbox 0 0 2388 6116; x_wconf 95' lang='lat' dir='ltr'> </span> 
     </span>
    </p>
   </div>
  </div>
 </body>
</html>
