4767 6125
518 718 566 799 n
729 680 1629 828 Δ.εΕΝ5νειννενννε.

380 884 407 947 0
504 866 635 955 'educet
647 876 770 967 salvos,
794 896 970 979 inconque
987 880 1174 955 infernum
1191 878 1325 968 resistit,
1346 880 1433 954 vers.
1456 906 1513 975 14·
1532 902 1600 978 ¹5³
1623 906 1670 954 ex
1682 878 1816 957 Divino
1831 881 1895 960 suo
1908 912 1968 964 or·
2032 971 2039 977 ,

502 982 643 1055 dinabit
670 981 804 1055 coelum
834 998 869 1053 et
895 980 1110 1069 Ecclesiam,
1130 978 1217 1055 vers.
1241 981 1308 1065 16,
1332 982 1378 1053 ab
1406 981 1473 1060 iliis
1501 984 1629 1079 quibus
1646 979 1729 1056 salsa
1757 985 1967 1081 ignorantia

505 1081 658 1168 suerunt,
681 1078 769 1155 uers.
794 1104 849 1174 17,
870 1086 935 1163 183
962 1080 1057 1177 quod
1073 1081 1171 1181 prius
1184 1077 1340 1158 derebus
1356 1083 1429 1154 veri
1452 1098 1487 1152 et
1500 1082 1595 1170 boni,
1616 1081 1711 1155 unde
1727 1082 1883 1157 falsitates
1900 1089 1968 1158 im·

506 1184 672 1266 modicae,
699 1181 785 1255 vers.
809 1203 952 1278 19„ao;
979 1180 1073 1279 quod
1094 1181 1269 1255 Dominus
1297 1178 1428 1253 auferet
1456 1180 1545 1269 illas,
1561 1180 1648 1254 vers.
1669 1203 1728 1269 αι,
1747 1204 1817 1267 223
1844 1205 1879 1257 et
1902 1186 1968 1257 da-

349 1332 352 1341 ·
505 1285 638 1355 buntur
654 1280 755 1379 super
772 1272 861 1367 illos,
890 1280 949 1379 qui
966 1303 1052 1353 cum
1067 1298 1248 1374 contemtu
1258 1278 1423 1381 rejiciunt
1440 1280 1530 1364 illos,
1555 1279 1642 1352 vers.
1658 1304 1717 1377 ²3·
1965 1307 1970 1323 ·
2081 1325 2084 1331 -

554 1382 648 1478 Cap.
669 1380 755 1456 L·11.
784 1376 841 1453 Ad
860 1397 992 1455 novam
1016 1378 1218 1466 Ecclesiam,
1244 1393 1284 1450 ut
1299 1378 1523 1475 ampliabitur
1537 1378 1699 1451 dosirina
1714 1381 1802 1469 veri,
1826 1407 1872 1455 ne
1887 1382 1969 1456 salsa

506 1482 717 1579 irrumpant,
736 1478 828 1551 ..versss
852 1504 865 1553 1
884 1514 893 1563 ;
920 1497 954 1551 ct
971 1476 1102 1577 rejiciat
1120 1478 1214 1564 falsa,
1226 1474 1313 1549 vers.
1334 1502 1377 1561 νς
1405 1479 1564 1575 aquibus
1578 1480 1673 1576 capti
1686 1475 1777 1566 sunt,
1802 1495 1836 1553 et
1853 1484 1969 1579 aqui.

506 1582 569 1653 bus
595 1579 844 1665 liberabuntur,
856 1576 942 1650 vers.
964 1600 983 1672 3
1000 1616 1008 1660 ;
1036 1578 1117 1675 quia
1134 1578 1263 1649 imbuti
1282 1578 1362 1648 sunt
1375 1578 1635 1675 cognitionibus
1650 1577 1737 1665 salsi,
1754 1582 1969 1655 conlinnatis

509 1705 574 1777 per
591 1680 786 1763 ratiocinia,
812 1679 899 1749 vers.
919 1706 966 1775 ,4³
994 1678 1077 1748 ideo
1093 1678 1228 1749 malum
1250 1694 1285 1747 et
1302 1677 1500 1775 ignorantia
1519 1679 1602 1766 Dei,
1627 1678 1714 1750 vers.
1737 1701 1778 1774 53
1804 1677 1863 1752 scd
1878 1702 1969 1777 cog-
1994 1672 1999 1683 ’

512 1778 653 1857 noscent
668 1774 791 1849 Deum
807 1772 920 1861 suum,
931 1776 1072 1873 quando
1089 1775 1307 1849 inmundum
1324 1774 1432 1862 uenit,
1443 1774 1581 1863 verso,
1597 1800 1641 1869 7³
1659 1777 1801 1874 quando
1811 1776 1971 1854 restituet
2010 1838 2015 1845 .

513 1876 722 1959 Ecclesiam,
745 1870 830 1950 vers.
849 1880 886 1961 8,
916 1900 960 1970 9³
999 1892 1034 1945 et
1063 1872 1296 1946 manifestabit
1314 1871 1360 1961 se,
1386 1874 1561 1959 vcrs.10;
1596 1896 1633 1947 et
1658 1898 1741 1949 tunc
1769 1877 1974 1973 relinquent

511 1970 678 2085 religiosa,
701 1974 742 2045 in
766 1972 895 2066 quibus
924 1968 1007 2043 talia
1024 1968 1117 2059 sarisa,
1133 1970 1224 2073 ,νςτίῖ
1245 1971 1309 2055 11'3
1335 1972 1511 2047 Dominus
1524 1974 1654 2047 educet
1672 1998 1733 2047 eos
1747 1999 1813 2071 per
1826 1978 1976 2071 gratius,
2066 1996 2072 1999 ·
2198 1992 2210 2013 ⁸

511 2080 598 2147 veri.
622 2094 678 2159 12,
701 2096 765 2166 131
785 2070 881 2185 qnod
894 2070 1118 2169 appariturus
1134 2062 1228 2143 sitiit
1244 2070 1454 2159 humilitate,
1469 2070 1553 2147 vers.
1570 2096 1637 2164 143
1653 2074 1750 2173 quod
1761 2091 1851 2147 tunc
1864 2074 1969 2147 visuri
2015 2088 2023 2123 ⁸
2043 2080 2046 2092 '
2306 2089 2307 2122 l

510 2194 546 2247 et
561 2170 725 2245 accessuri
741 2194 803 2265 qut
821 2170 857 2243 in
874 2170 974 2242 bonis
991 2186 1026 2241 et
1042 2169 1143 2257 veris,
1170 2170 1255 2241 vers.
1278 2192 1437 2267 ¹42¹i·‘
1494 2207 1497 2213 ·
1637 2201 1641 2212 ·
1735 2208 1739 2217 ·
1872 2200 1876 2212 ·

521 2338 525 2347 .
563 2270 650 2369 Cap.
672 2270 774 2342 [ΙΙΙ.
829 2274 885 2342 De
908 2260 1112 2369 apparentia
1129 2268 1279 2343 Domini
1309 2272 1346 2341 in
1370 2270 1461 2343 statu
1486 2264 1759 2354 humiliationis,
1782 2272 1883 2367 quod
1904 2270 1975 2343 'vix'

511 2370 674 2447 credatur
688 2368 784 2463 quod
805 2368 1068 2465 omnipotentia
1080 2366 1152 2440 Dei
1170 2368 1209 2441 fit
1225 2368 1263 2440 in
1282 2366 1454 2455 Domino,
1472 2364 1559 2441 vers.
1582 2390 1596 2440 t
1614 2404 1624 2454 ς
1651 2369 1732 2467 quia
1747 2369 1969 2466 appariturus

513 2468 602 2540 sicut
614 2466 706 2551 vilis,
727 2484 766 2541 et
780 2464 860 2535 ideo
876 2466 1165 2554 contemnendus,
1182 2465 1271 2540 vers.
1293 2491 1327 2558 2,
1347 2495 1367 2567 3
1382 2502 1391 2551 ς
1417 2484 1453 2539 et
1466 2465 1562 2562 quod
1579 2468 1777 2565 apparuerit
1794 2467 1879 2541 stcut
1898 2494 1969 2541 non

520 2565 697 2643 Divinum
714 2562 751 2633 in
770 2558 860 2658 Ipso,
877 2559 964 2632 vers.
984 2588 1029 2651 4·;
1055 2584 1141 2632 cum
1157 2566 1413 2659 tanienperid
1433 2563 1588 2653 salvatio,
1611 2566 1695 2640 vers.
1718 2588 1764 2662 ςς
1788 2566 1971 2664 quodsus-

239 2714 242 2722 ·
359 2688 378 2745 .·
514 2664 663 2739 tinuerit
687 2660 808 2741 omnia
832 2656 878 2731 us
895 2682 937 2733 ue
960 2658 1006 2731 ad
1030 2656 1225 2757 pallionem
1244 2663 1374 2757 crucis,
1392 2664 1485 2729 vers.
1504 2665 1540 2747 6,
1559 2686 1594 2752 7,
1614 2670 1656 2743 83
1681 2682 1717 2735 et
1737 2666 1834 2757 quod
1851 2657 1971 2762 subju.

516 2778 613 2867 garet
634 2759 780 2848 inferna,
805 2686 895 2831 vere
911 2784 955 2857 93
981 2756 1077 2854 quod
1094 2780 1157 2855 per
1171 2756 1363 2855 pallionern
1386 2756 1498 2830 crucis
1520 2780 1612 2829 nova
1625 2758 1785 2831 Ecclesia
1799 2761 1972 2849 existeret,
2112 2752 2118 2759 ’

516 2859 602 2936 vers.
625 2884 681 2946 10,
703 2872 764 2942 1²13
791 2878 824 2931 et
841 2858 923 2955 quia
933 2856 1017 2930 talia
1032 2856 1205 2945 sustinuit,
1220 2855 1316 2954 quod
1332 2855 1443 2929 vistor
1457 2855 1594 2943 evadet,
1611 2855 1699 2929 vers.
1722 2879 1779 2928 ra.
2009 2898 2013 2905 -

524 2978 527 2985 '
565 2958 657 3056 Cap.
678 2956 774 3031 LIV.
811 2956 921 3055 Qud
939 2956 1019 3044 illis,
1044 2956 1138 3053 apud
1163 2979 1252 3053 quos
1269 2979 1341 3029 non
1365 2952 1463 3055 prius
1479 2953 1656 3043 Ecclesia,
1676 2956 1789 3029 multa
1805 2956 1973 3039 Ecclesiae
2137 2996 2141 3003 ·

516 3081 598 3132 uera
614 3061 727 3144 erunt,
753 3058 812 3156 qui
836 3055 1176 3156 multiplicabuntur,
1201 3054 1288 3131 vers.
1311 3079 1459 3152 1,a,3;
1485 3056 1582 3152 quod
1608 3052 1799 3134 falsitatum
1811 3057 1971 3155 ,priorum

516 3182 587 3240 non
613 3157 862 3244 recordabitur,
887 3159 970 3254 quia
1000 3157 1178 3230 Dominus
1209 3160 1306 3230 Deus
1329 3153 1505 3229 Ecclesiae
1528 3156 1609 3243 erit,
1635 3154 1721 3229 vers.
1741 3185 1777 3248 4,
1798 3177 1841 3254 53
1899 3159 1972 3232 uod
2101 3178 2107 3189 ·

174 3344 179 3352 ,
516 3257 647 3331 luerint
668 3258 755 3330 sicut
785 3254 910 3363 absque
935 3255 1016 3326 Deo
1041 3255 1158 3349 aliquo
1178 3271 1348 3348 tempore,
1371 3250 1460 3321 vers.
1492 3271 1526 3346 ς,
1546 3255 1577 3325 s>
1589 3283 1600 3334 ς
1627 3257 1722 3349 quod
1745 3255 1815 3327 hoc
1836 3185 1973 3330 fnium

268 3419 275 3434 .
405 3389 410 3396 ·
520 3357 560 3428 lit
574 3379 655 3427 curn
671 3379 742 3428 non
757 3352 927 3437 Ecclesia,
952 3350 1013 3424 sed
1035 3351 1246 3424 restituenda
1266 3373 1292 3422 a
1317 3349 1488 3435 Domino,
1512 3350 1599 3422 vers.
1615 3372 1650 3444 7,
1669 3356 1713 3434 ὃς
1737 3353 1884 3446 quando
1897 3375 1973 3426 non

386 3441 390 3460 '
517 3477 662 3536 verum;
688 3477 773 3526 cum
803 3451 923 3555 postea
953 3459 1024 3524 non
1051 3446 1507 3545 desiturum,vers.9,1o;
1533 3448 1973 3544 quoddottrimliaerunr

517 3553 622 3652 plena
637 3553 726 3625 veris
754 3547 987 3648 spiritualibus
1012 3567 1048 3621 et
1074 3547 1275 3623 coelestibus
1298 3573 1320 3620 a
1345 3545 1516 3634 Domino,
1541 3545 1873 3646 vers'tr,12,13,·
1900 3573 1972 3627 non
2039 3593 2048 3612 .

519 3645 669 3750 ampliiis
693 3677 714 3724 a
734 3649 823 3728 falsis
849 3652 893 3724 ab
911 3649 1047 3722 inferno
1068 3647 1261 3736 timebitur,
1285 3646 1373 3720 vers.
1395 3667 1537 3740 14,15;
1564 3647 1660 3746 quod
1675 3648 1909 3750 conjicientur
1934 3650 1993 3732 in,

435 3750 440 3762 “
518 3749 695 3836 infernum
711 3751 773 3848 qui
790 3768 910 3828 contra
926 3747 1122 3822 Ecclesiam
1140 3771 1184 3822 ex
1198 3745 1281 3830 illis,
1306 3745 1395 3817 vers.
1417 3747 1474 3831 16,
1495 3767 1553 3839 17.

564 3849 659 3945 Cap.
680 3847 757 3921 L·V.
783 3845 1101 3946 QodaDomino
1117 3846 1223 3942 gratis
1245 3841 1421 3940 recepturi
1433 3842 1712 3931 fistuca-mers.
1734 3871 1776 3932 ις
1801 3847 1899 3944 quod
1920 3868 1980 3920 ree
2227 3932 2232 3943 Ι

513 3949 641 4050 jicient
664 3945 746 4018 talia
762 3947 886 4043 quibus
909 3969 981 4018 non
997 3943 1083 4017 inest
1100 3943 1172 4015 uita
1189 3941 1388 4040 spiritualis,
1417 3939 1502 4013 vers.
1522 3965 1566 4026 νς
1591 3943 1688 4039 quod
1703 3969 1828 4018 verum
1844 3949 1882 4018 in
1898 3969 1981 4041 quo¹
2031 3989 2036 3994 ·
2125 3954 2128 3958 ’
2167 4019 2170 4027 ,

520 4049 602 4132 vita,
619 4063 654 4122 et
669 4067 733 4144 per
749 4047 845 4144 quod
861 4043 1075 4160 conjunslio,
1101 4041 1280 4124 dabitura
1296 4038 1465 4127 Domino,
1489 4037 1577 4113 vers.
1595 4064 1631 4138 3,
1649 4069 1698 4130 43,
1716 4043 1814 4140 quod
1829 4043 1875 4116 ad
1894 4047 1975 4117 Do.

522 4141 658 4233 minutn
680 4143 856 4243 accessuri,
872 4165 934 4248 qut
954 4144 1077 4242 Ipsum
1090 4165 1162 4216 non
1175 4141 1273 4240 prius
1289 4159 1473 4228 noverunt,
1485 4142 1573 4213 vers.
1595 4162 1628 4236 ς,
1645 4140 1691 4223 6;
1716 4141 1762 4213 de
1774 4137 1974 4238 resipiscen.¹

407 4257 409 4262 “
519 4244 579 4332 tia,
604 4245 690 4316 vers.
720 4271 758 4339 7³
783 4243 882 4339 quod
906 4267 977 4316 non
999 4241 1111 4317 sciant
1137 4242 1244 4329 viam,
1269 4265 1335 4338 per
1354 4264 1460 4337 quant
1476 4238 1633 4325 salvatio,
1658 4238 1743 4312 vers.
1766 4245 1797 4327 8,
1816 4249 1861 4338 '9³
1878 4242 1974 4335 quod

520 4365 583 4442 per
597 4344 789 4416 adventum
808 4341 969 4426 Domini,
992 4343 1080 4412 vers.
1100 4365 1157 4427 ιο,
1178 4361 1244 4424 113
1269 4339 1366 4433 quod
1383 4360 1448 4435 per
1463 4339 1500 4413 id
1519 4339 1630 4412 solum
1646 4335 1794 4412 felicitas
1809 4337 1973 4427 coelestis,

519 4443 605 4518 vers.
628 4463 689 4524 123
715 4459 751 4520 et
767 4463 832 4537 pro
848 4437 944 4512 malo
959 4457 994 4512 et
1010 4436 1094 4514 salso
1109 4438 1245 4511 bonum
1259 4454 1295 4507 et
1311 4459 1437 4518 verum
1459 4438 1496 4514 in
1511 4458 1688 4524 acanum,
1703 4436 1793 4510 vers.
1816 4461 1827 4510 1
1836 4461 1872 4534 3.

503 4576 529 4610 ι
565 4539 661 4642 Cap.
682 4537 779 4613 LVI.
802 4536 915 4637 Qud
930 4553 1102 4620 venturus·
1113 4535 1293 4608 Dominus
1323 4537 1490 4624 Salvator,
1514 4535 1606 4610 vers
1623 4560 1637 4608 1
1656 4570 1665 4619 ;
1691 4535 1785 4608 felix·
1801 4537 1863 4633 qui
1878 4533 1976 4612 sanc·

520 4657 596 4722 tam
612 4639 896 4720 habetunionem
911 4633 1036 4710 Divini
1058 4653 1093 4708 et
1110 4634 1285 4719 Humani,
1310 4658 1352 4709 ac
1370 4637 1517 4709 Domini
1533 4662 1616 4712 curn
1641 4633 1809 4722 Ecclesia,
1824 4634 1910 4710 vers.
1930 4661 1950 4708 a
1959 4659 2004 4724 ς·
2102 4707 2108 4727 ,
2201 4719 2213 4732 ‚

524 4763 588 4814 nec
613 4736 731 4822 credat
747 4737 826 4834 quis
841 4735 939 4833 quod
952 4759 976 4808 a
993 4734 1153 4808 Dornino
1166 4731 1342 4831 separatus
1355 4733 1408 4822 iit,
1434 4734 1520 4810 vers.
1539 4759 1585 4833 3³
1608 4735 1705 4834 quod
1721 4737 1887 4823 extranei,
1912 4736 1975 4830 qui

524 4839 622 4912 illam
640 4837 810 4910 unionem
825 4833 975 4909 sanilam
992 4833 1132 4922 liabent,
1152 4830 1435 4931 recipiendisint
1459 4834 1497 4908 in
1523 4834 1716 4909 Ecclesiam
1732 4833 1976 4934 praeceliquis,
2074 4881 2078 4891 ,

523 4935 609 5013 vers.
628 4953 663 5029 4,
684 4958 726 5032 5³
753 4955 789 5008 et
805 4933 903 5034 quod
929 4932 979 5006 illi
996 4957 1149 5030 quoque,
1175 4930 1239 5030 qui
1266 4932 1304 5004 in
1328 4930 1419 5005 fallis
1443 4932 1514 5005 exi
1588 4935 1699 5007 rancia
1718 4933 1797 5008 sunt
1813 4931 1976 5008 introdu-

524 5037 639 5124 cendi,
664 5051 699 5110 et
716 5035 815 5130 quod
844 5051 1011 5131 acceptus
1040 5035 1107 5105 erit
1135 5034 1251 5106 cultus
1268 5031 1426 5120 illorum,
1451 5056 1497 5106 ve
1531 5034 1594 5124 .t'r,
1613 5055 1657 5128 7,
1682 5033 1903 5132 quodetiam
1919 5051 1978 5102 re.
2043 5109 2047 5120 Ι

522 5133 612 5246 liqui
629 5132 830 5222 adducendi
845 5133 924 5222 sint,
951 5129 1039 5208 vers.
1060 5133 1094 5223 8,
1112 5159 1133 5233 9
1148 5169 1158 5220 ς
1174 5131 1268 5230 quia
1283 5127 1413 5209 sedunt
1434 5132 1480 5216 ab
1505 5131 1588 5221 illis,
1607 5133 1740 5232 quibus
1765 5129 1977 5308 cupidintiloe

641 5241 647 5264 .
1145 5301 1147 5308 Ι
1630 5302 1634 5307 ἡ
1947 5255 1978 5310 3
