4767 6125
497 714 555 793 ao
808 684 1121 789 neurus
1175 625 1637 805 ΙΝΤΙΙΕΚΝῊ(
1727 788 1732 793 ,

409 898 418 909 “
496 894 598 974 dolor
612 894 654 967 et'
665 884 867 969 lamentatio
885 874 1077 992 reciproca,
1101 890 1201 989 quod
1218 886 1352 963 tamdiu
1369 873 1601 986 protrahatur·
1611 903 1754 990 tempus
1769 907 1956 988 antequam

331 986 333 993 ’
407 1076 416 1095 ἱ
496 1016 591 1069 nova
604 992 762 1078 ,Ecclesia
777 993 822 1065 ab
839 991 915 1066 aliie
932 990 1109 1065 instaurari
1125 988 1252 1091 potest,
1276 985 1365 1060 vers.
1386 993 1432 1060 18
1448 986 1492 1063 ad
1511 1010 1571 1084 23.

384 4369 386 4375 ·
505 4343 593 4426 vers.
611 4367 670 4430 22,
686 4365 746 4438 23.

549 1095 640 1193 Cap.
662 1088 731 1167 sX.
757 1088 870 1189 Qud
884 1090 922 1165 in
937 1089 1095 1167 Ecclesia
1112 1115 1182 1165 non
1199 1086 1263 1160 nisi
1279 1111 1387 1184 quain
1403 1076 1630 1161 insificatum'
1648 1084 1702 1177 sit,
1721 1104 1759 1159 et
1772 1087 1856 1164 inde
1878 1114 1958 1162 mai.

495 1190 588 1285 lum,
616 1184 697 1290 quia
721 1190 895 1288 recedunt
917 1212 942 1273 a
970 1187 1137 1277 Domino,
1163 1185 1250 1261 vers.
1271 1210 1304 1273 1,
1325 1209 1369 1271 23
1397 1185 1493 1283 quod
1521 1210 1636 1259 unum
1663 1183 1789 1260 salsum
1815 1189 1860 1261 ab
1889 1190 1958 1263 alio

497 1288 710 1388 usquedum
727 1313 797 1363 non
814 1288 877 1367 nisi
892 1307 999 1387 quani
1014 1286 1150 1375 salsum,
1175 1287 1261 1359 vers.
1279 1310 1315 1383 3,
1333 1314 1371 1378 4,
1389 1306 1407 1381 ς
1422 1320 1432 1369 3
1458 1284 1647 1370 simulatio,
1672 1306 1759 1358 cuin
1767 1286 1958 1377 docentur,

499 1389 596 1491 quod
625 1389 744 1476 velint,
768 1387 825 1464 sed
852 1388 961 1487 usque
982 1402 1072 1475 iton,
1098 1384 1185 1461 vers.
1203 1386 1241 1474 6,
1258 1406 1304 1480 73
1327 1409 1450 1457 annon
1475 1384 1638 1483 perituri,
1665 1380 1751 1457 vers.
1783 1387 1827 1473 8,·
1857 1388 1962 1462 dolor

499 1506 645 1587 propter
659 1490 809 1562 exitium
825 1484 988 1565 omniuin
1005 1480 1185 1574 Ecclesia,
1211 1483 1317 1597 usque
1334 1503 1376 1559 ut
1390 1470 1462 1559 adii
1477 1482 1638 1582 supersit,
1651 1482 1740 1555 vers.
1758 1512 1795 1584 9,
1816 1508 1873 1575 ro,
1896 1510 1961 1572 113

484 1589 585 1687 ¹quia
601 1586 763 1663 Verbum
778 1586 1017 1683 repudiarunt,
1042 1604 1079 1659 et
1095 1584 1346 1684 cupiditatibus
1365 1580 1434 1655 suis
1448 1583 1695 1669 obediverunt,
1711 1584 1793 1657 ideo
1809 1586 1846 1659 in
1870 1585 1961 1659 falsu
1986 1622 1990 1628 ·
2019 1595 2023 1599 ’

494 1683 697 1774 malisunt,
713 1684 800 1759 vers.
822 1709 879 1773 12,
900 1710 958 1791 17,
979 1703 1024 1779 14
1034 1720 1044 1769 3
1070 1710 1178 1783 quare
1195 1682 1341 1785 perituri
1357 1707 1379 1754 a
1393 1681 1494 1757 malis
1508 1698 1548 1755 et
1563 1682 1646 1754 inde
1663 1680 1765 1770 falsis,
1781 1683 1868 1759 vers.
1891 1683 1959 1781 153

437 1836 442 1843 -
503 1784 706 1858 lamentatio
722 1782 826 1881 super
843 1784 1085 1871 devastatione,
1114 1780 1200 1857 vers.
1213 1780 1267 1856 '16
1284 1780 1330 1854 ad
1350 1787 1418 1865 183
1443 1781 1648 1855 lamentatio
1675 1782 1772 1878 quod
1802 1785 1883 1857 inde
1904 1785 1963 1857 iii-

340 1892 344 1899 ’
489 1884 637 1969 teritus,
665 1884 751 1956 ver-s.
773 1906 832 1981 19,
844 1906 919 1971 ,201
946 1884 1029 1978 quia
1054 1880 1379 1957 infemale'maium
1408 1897 1445 1953 et
1469 1878 1689 1965 salsumilii1‚
1720 1883 1804 1955 vers.
1825 1905 1893 1967 213
1919 1900 1962 1957 ut
2099 1919 2105 1934 ·

503 1980 632 2053 sciatur
646 1982 744 2077 quod
766 2006 871 2057 omne
886 1980 961 2055 veri
977 1998 1013 2054 et
1028 1981 1127 2069 boni,
1148 1998 1183 2054 et
1199 1980 1284 2054 inde
1298 2002 1407 2054 omne
1421 1980 1591 2077 potentia
1614 1998 1650 2051 et
1662 1977 1842 2075 *sapientia
1857 1982 1900 2053 sit
1915 2004 1962 2053 ex

500 2079 685 2177 agnitione
714 2080 873 2168 Domini,
897 2078 984 2153 vers.
1016 2102 1075 2169 22,
1105 2104 1174 2178 233
1199 2079 1370 2153 adventur
1396 2077 1546 2153 Domini
1577 2078 1623 2153 ad
1649 2077 1830 2177 judiciuin
1858 2078 1964 2176 supet

492 2201 625 2252 ramnes
642 2180 702 2277 qui
719 2180 757 2253 in
771 2178 922 2267 externis
935 2176 1061 2276 absque
1077 2178 1222 2279 internis
1237 2178 1327 2266 sunt,
1350 2177 1438 2251 vers.
1458 2200 1518 2269 24,
1537 2199 1556 2249 2
1561 2198 1597 2274 ς.
1854 2259 1859 2271 ¹

436 2358 437 2366 ¹
550 2279 645 2377 Cap.
663 2274 713 2350 X.
744 2282 803 2353 Ne
819 2282 1006 2355 timeantur
1026 2278 1092 2377 qui
1118 2302 1163 2352 eit
1180 2278 1324 2377 propria
1350 2276 1582 2376 intelligentia
1609 2292 1644 2349 et
1660 2299 1725 2374 per
1740 2292 1834 2351 artea
1849 2276 1965 2351 valere

496 2376 639 2463 volunt,
668 2377 756 2450 vers.
778 2402 809 2463 1,
829 2400 873 2461 23
898 2376 1104 2460 describitur
1119 2378 1298 2477 quomodo
1325 2374 1458 2450 faciunt
1482 2392 1523 2449 ut
1543 2374 1678 2449 malum
1693 2393 1861 2474 appareat
1876 2374 1966 2475 sicut

411 2554 420 2583 Ι
497 2474 656 2557 bonum,
680 2489 716 2543 et
731 2470 821 2543 sicut
837 2474 985 2558 valeant,
1008 2476 1097 2549 vers.
1116 2502 1137 2573 3
1156 2478 1202 2551 ad
1221 2499 1265 2569 53
1301 2498 1383 2553 cum
1407 2495 1531 2551 tamen
1557 2474 1646 2549 solus
1663 2472 1842 2552 Dominus
1858 2476 1964 2564 vaiet,

452 2664 454 2667 Ι
496 2568 651 2661 eversu,
668 2592 713 2662 73
740 2570 838 2664 quod
855 2568 1041 2642 abutantur
1055 2574 1177 2645 Verbo
1192 2578 1239 2645 ad
1266 2574 1479 2662 faciendum,
1504 2572 1595 2650 vers.
1613 2579 1647 2663 8,
1662 2600 1708 2673 93
1734 2598 1821 2652 curn
1842 2591 1966 2651 tamen

498 2664 684 2741 ..Dominus
703 2666 792 2741 solus
810 2683 946 2767 regnat,
976 2665 1063 2741 vers.
1085 2689 1151 2750 103
1177 2684 1214 2739 et
1229 2668 1326 2762 quod
1342 2670 1406 2763 qui
1427 2670 1546 2777 Ipsum
1563 2696 1634 2743 non
1649 2675 1854 2768 agnoscunt,
1881 2696 1967 2747 eva-

496 2948 502 2965 ,
527 2854 582 2937 ¹ria
608 2866 838 2964 intelligentia
864 2862 1003 2963 prorsus
1031 2864 1133 2939 nihili
1162 2863 1218 2952 sit,
1243 2864 1342 2962 quod
1364 2863 1555 2949 interitura,
1580 2862 1837 2963 vers.14,153
1865 2869 1968 2942 aliter

503 2890 675 3049 llcclesia,
701 2986 782 3062 quae
796 2964 883 3051 fidet
900 2962 1073 3055 Domino,
1097 2962 1184 3038 vers
1207 2964 1274 3049 163
1299 2962 1512 3064 preparatio
1527 2964 1667 3050 horum,
1690 2964 1783 3042 duni
1808 2966 1994 3041 interitua

550 3065 781 3151 iorum,'vers.
804 3067 942 3162 17,183
959 3065 1061 3138 dolor
1076 3083 1226 3179 prqpter
1242 3063 1466 3140 recessionem
1481 3089 1504 3137 a
1519 3062 1679 3146 Domino
1694 3063 1967 3141 etvastationein

507 2767 658 2855 nescaiit,
673 2766 758 2839 vers.
782 2790 849 2851 113
874 2766 972 2863 quod
988 2792 1009 2839 a
1024 2764 1185 2839 Doniino
1199 2788 1309 2838 omne
1326 2788 1461 2851 verum,
1489 2764 1577 2837 vers.
1600 2788 1657 2852 12,
1678 2791 1744 2862 133
1772 2771 1869 2865 quod
1883 2796 1968 2867 pro.
2121 2808 2125 2817 ·

532 3089 550 3135 r

343 3213 347 3224 ·
498 3087 687 3251 licclesiae,
703 3162 791 3237 vers.
813 3187 870 3263 19,
890 3187 949 3250 20,
968 3187 1009 3238 ar
1026 3199 1036 3249 3
1054 3163 1455 3250 exitiumeorum,vers.
1476 3184 1545 3249 223
1562 3165 1738 3240 oratioad
1755 3167 1969 3258 Dominum,
2094 3238 2098 3244 ,
2164 3181 2169 3188 ’
2233 3216 2239 3230 -

498 3281 550 3332 aie
566 3285 738 3334 unacum
753 3261 856 3335 malis
872 3279 1030 3358 pereant,
1045 3259 1133 3332 vers.
1154 3282 1198 3356 23
1218 3263 1264 3334 ad
1281 3282 1343 3353 25.

522 3405 531 3421 ι
556 3357 647 3456 Cap.
665 3357 738 3431 Xl.
764 3358 874 3456 Qod
891 3357 1047 3432 facerent
1062 3373 1245 3455 praeeepta
1269 3376 1306 3428 et
1322 3355 1550 3455 agnoscerent
1566 3358 1778 3445 Dominum,
1800 3362 1897 3456 quod
1912 3363 1978 3451 est,

505 3454 636 3543 ioedus,
661 3455 747 3530 vers.
769 3481 801 3544 1,
821 3479 855 3545 2,
872 3480 917 3552 33
943 3458 1041 3553 quod
1068 3479 1153 3530 curn
1181 3455 1249 3529 iliis
1272 3453 1351 3546 suit,
1375 3477 1462 3528 curn
1490 3453 1671 3528 reformati
1686 3455 1777 3546 sunt,
1804 3461 1889 3532 vers.
1912 3490 1940 3552 4
1952 3497 1963 3546 3

443 3547 446 3558 ’
497 3555 603 3650 ,quod
619 3578 681 3652 per
706 3553 742 3628 id
767 3555 847 3628 iilis>
858 3581 966 3629 omne
981 3557 1115 3629 bonnm
1143 3573 1178 3629 et
1204 3579 1332 3643 yerurn
1349 3552 1529 3643 Ecclesia,
1553 3552 1642 3627 vers.
1663 3574 1697 3650 5,
1715 3556 1759 3639 63
1786 3557 1880 3653 quod
1897 3559 1967 3634 hoc

418 3709 420 3712 -
501 3652 575 3726 illis
601 3651 728 3752 saepius
754 3655 900 3744 diuum,
925 3653 983 3730 sed
1009 3679 1082 3730 non
1099 3655 1312 3743 obedientia,
1337 3651 1425 3727 vers.
1445 3675 1481 3749 7,
1501 3661 1543 3740 83
1570 3651 1629 3727 sed
1656 3677 1782 3728 omnes
1810 3654 1964 3730 fecerant

498 3753 735 3841 contrarium,
763 3773 799 3827 et
823 3775 1039 3852 agnoverunt
1053 3757 1159 3828 alium
1176 3756 1296 3838 deuni,
1320 3750 1408 3823 vers
1425 3779 1462 3848 9,
1483 3773 1550 3836 103
1574 3753 1671 3850 quod
1697 3753 1780 3840 ideo
1800 3753 1869 3828 illis
1890 3779 1964 3829 nori

499 3851 689 3938 auxilium,
706 3851 789 3945 quia
804 3875 926 3924 omnes
938 3869 1055 3925 amant
1070 3849 1153 3922 salsa
1162 3867 1199 3922 et
1214 3850 1335 3934 colunt
1349 3847 1436 3919 alios
1450 3850 1550 3938 deos,
1565 3853 1654 3924 vers.
1676 3876 1716 3926 ιι
1737 3854 1784 3927 ad
1803 3877 1845 3952 13
1860 3891 1871 3940 3
1893 3879 1968 3931 non

415 3983 418 3988 ·
505 3947 637 4020 valebit
653 3947 858 4036 intercessio,
874 3949 962 4021 vers.
982 3973 1049 4042 143
1074 3949 1171 4047 quod
1187 3945 1386 4020 Ecclesiam
1404 3969 1446 4018 ac
1459 3946 1537 4046 ejus
1548 3948 1686 4030 borium
1700 3971 1871 4026 etverum
1881 3979 1967 4050 pro-

499 4047 748 4147 phanaverint,
775 4045 897 4121 versi
928 4051 1006 4150 „16
1017 4085 1029 4135 3
1055 4047 1152 4145 quod
1180 4045 1405 4121 manifestum
1433 4045 1475 4118 sit
1490 4051 1554 4144 pe‘r
1576 4045 1627 4134 id,
1648 4051 1745 4143 quod
1766 4049 1965 4125 Dominum

505 4147 611 4220 morti
626 4147 812 4234 traderent,
842 4171 884 4220 ve
918 4201 927 4219 .
949 4154 1006 4235 18,
1029 4171 1096 4247 193
1122 4145 1221 4244 quod
1236 4147 1320 4221 ideo
1343 4144 1413 4217 iilis
1428 4145 1627 4233 retributio,
1653 4145 1738 4218 vers.
1766 4169 1838 4234 203
1864 4150 1994 4246 quod„

442 4322 446 4332 ,
503 4268 578 4318 nori
593 4247 712 4320 audire
729 4247 772 4320 de
791 4247 951 4322 Domino
965 4249 1086 4336 velint,
1102 4247 1190 4321 vers.
1212 4270 1281 4334 213
1304 4245 1403 4344 quod
1418 4245 1642 4343 perituri-per
1656 4242 1740 4320 salsa
1753 4246 1813 4321 die
1821 4243 1964 4347 judicii,
2097 4314 2102 4327 .

557 4442 645 4556 Cap.
664 4439 757 4514 xii.
783 4437 845 4513 Ab
862 4441 1028 4528 Ecclesia,
1039 4465 1126 4540 quae
1141 4434 1546 4541 exspeetat'uominmn,
1561 4444 1732 4541 quaeritur
1751 4469 1817 4519 cur
1838 4445 1966 4526 florent
2095 4493 2104 4522 .

501 4539 621 4638 impii,
649 4539 736 4614 vers.
764 4563 796 4628 i,
815 4561 859 4624 23
885 4557 925 4613 ut
941 4543 1057 4614 veniat
1074 4559 1110 4614 et
1130 4559 1379 4616 removeantur
1393 4543 1492 4631 mali,
1515 4541 1601 4616 vers.
1618 4567 1666 4640 33
1691 4544 1776 4640 quia
1797 4571 1870 4620 non
1883 4572 1966 4622 ani·

500 4639 600 4739 plius
617 4663 698 4714 vera
725 4657 760 4712 et
785 4641 880 4714 bona
896 4641 991 4738 apud
1011 4641 1099 4727 illos,
1128 4641 1214 4716 vers.
1233 4670 1280 4733 43
1304 4643 1398 4740 quod
1417 4644 1559 4741 propria
1574 4643 1806 4742 intelligentia
1823 4647 1891 4719 illis
1908 4646 1964 4734 sit,
2019 4654 2024 4664 “

451 4831 453 4834 ¹
505 4739 593 4810 vers.
615 4758 657 4834 53
684 4761 750 4812 nec
767 4741 845 4837 plus
858 4741 983 4814 volunt
999 4741 1094 4830 scire,
1112 4740 1198 4814 vers.
1218 4743 1263 4825 63
1289 4742 1384 4839 quod
1401 4741 1567 4828 Ecclesia,
1577 4742 1643 4814 ubi
1660 4742 1826 4834 Verbum,
1843 4763 1965 4820 contra
2000 4803 2007 4817 .

504 4835 752 4912 Dominum-se
778 4855 902 4928 vertat,
924 4859 965 4913 et
975 4841 1135 4935 amplexa
1147 4841 1198 4914 est
1212 4840 1309 4928 salsa,
1324 4842 1418 4917 unde
1434 4840 1585 4914 desolata
1601 4858 1638 4913 et
1653 4842 1783 4918 vastata
1800 4845 1848 4916 est
1862 4856 1978 4940 pror-'

504 4933 571 5024 sus,
602 4933 686 5008 vers.
718 4937 804 5034 *sad
824 4960 890 5021 123
916 4939 1015 5036 quod
1040 4933 1132 5026 bona
1159 4959 1338 5016 vertantur
1362 4941 1401 5013 in
1425 4941 1531 5028 maia,
1555 4938 1643 5016 vers.
1669 4963 1711 5037 13
1725 4974 1736 5028 3
1760 4941 1858 5038 quod
1883 4941 1964 5012 ideo

498 5035 706 5136 expellendi
723 5036 801 5128 sint,
823 5055 863 5108 et
879 5038 960 5111 loco
977 5037 1119 5114 illorum
1136 5039 1208 5128 alii,
1234 5039 1422 5135 exquibus
1439 5039 1608 5129 Ecclesia,
1627 5040 1850 5138 acceptandi,
1875 5037 1962 5114 vers.

507 5155 568 5224 14,
578 5161 601 5251 ,ι
612 5156 655 5234 53
680 5135 776 5236 quud
792 5136 996 5230 remansuri,
1021 5139 1202 5239 quousque
1217 5137 1410 5242 agnoscunt
1427 5137 1643 5230 Dominum,
1666 5139 1755 5214 vers.
1772 5138 1833 5230 16,
1852 5159 1912 5231 17.

1873 5238 1991 5336 023.
2071 5237 2076 5257 .
