4767 6125
484 560 567 683 [m
834 554 1669 682 siususiuicnuua·

496 781 634 879 semper
657 776 796 855 borium
822 790 1008 867 etiterum,
1035 776 1124 854 vers.
1144 800 1180 874 7,
1200 784 1244 864 82
1269 778 1365 875 quod
1385 783 1558 860 Dominus
1586 764 1671 857 'scta
1692 779 1784 881 quid
1804 769 1951 861 lateritia

498 882 595 969 latet,
620 881 905 977 qualitercunque
920 895 1114 954 externum
1129 896 1292 977 apparet,
1308 879 1395 953 vers.
1414 908 1449 979 9,
1471 904 1538 965 ior
1561 880 1659 978 quod
1674 904 1769 969 veta,
1784 907 1868 979 quic
1882 883 1952 959 dis·

499 1000 597 1069 cunt,
626 1003 697 1053 non
714 978 782 1051 illis
798 976 873 1050 usui
889 978 969 1061 sint,
996 978 1081 1051 vers.
1097 1002 1167 1066 ,113
1194 976 1291 1073 quod
1310 980 1483 1055 Dominus
1505 979 1549 1062 sit
1572 981 1710 1057 coelutn
1732 1000 1769 1067 et
1785 986 1950 1079 Ecclesia,
2000 1016 2005 1021 ·

497 1105 608 1179 quare
623 1079 684 1177 qui
709 1080 754 1153 ab
772 1076 852 1175 lpso
868 1077 1046 1165 recedunt,
1071 1077 1232 1153 damnati
1248 1076 1338 1163 sunt,
1353 1079 1441 1151 vers.
1459 1102 1517 1166 12,
1538 1100 1605 1174 133
1628 1080 1858 1180 precatioaal
1876 1086 1955 1157 Do..

455 1270 457 1274 ι
497 1181 651 1265 minum,
675 1197 709 1250 et
738 1177 880 1276 agnitio,
911 1195 951 1247 ut
970 1194 1213 1257 removeantur
1239 1174 1339 1262 mali,
1367 1178 1454 1251 vers.
1476 1202 1523 1270 14
1548 1178 1596 1251 ad
1614 1183 1682 1262 iii
1709 1181 1882 1264 Dominus
1905 1184 1953 1260 ad

444 1275 464 1318 ”
484 1279 577 1353 ¹illos
597 1279 657 1377 qui
673 1277 887 1373 inexternia,
904 1273 990 1347 vers.
1013 1298 1071 1374 19,
1089 1290 1158 1358 20;
1184 1292 1225 1347 ut
1240 1272 1414 1349 Divinum
1434 1276 1544 1373 Ipsius
1557 1276 1755 1376 agiipseant,
1783 1280 1952 1375 quodeu
2101 1302 2113 1314 ⁷

499 1378 729 1461 sabbathum,
754 1396 822 1447 nec
837 1373 925 1449 illud
941 1372 1083 1463 violent,
1110 1371 1197 1446 vers.
1218 1392 1260 1445 21
1280 1371 1327 1445 ad
1344 1397 1414 1469 243
1438 1374 1537 1473 quod
1565 1393 1648 1448 tunc
1675 1374 1746 1449 illia
1759 1376 1954 1465 intellectae
2032 1394 2035 1396 “
2114 1424 2126 1439 ·

442 1486 466 1568 ᾗ
495 1474 617 1562 Verbi,
642 1470 731 1546 vers.
751 1492 819 1568 253
844 1492 880 1546 et
895 1471 993 1567 quod
1015 1491 1100 1549 tunc
1115 1473 1230 1547 cultus
1257 1494 1300 1543 eu
1320 1475 1420 1559 vent,
1447 1472 1537 1559 vers.
1555 1474 1624 1559 261
1648 1471 1684 1555 st
1700 1496 1773 1552 uon
1798 1478 1952 1575 agnituri
1975 1482 1979 1487 ’

444 1592 450 1597 “
493 1571 585 1661 sunt,
609 1572 707 1669 quod
721 1588 865 1644 externa
880 1572 926 1643 ab
941 1570 1086 1645 internis
1103 1572 1281 1671 peribunt,
1298 1568 1384 1653 veis.
1405 1595 1465 1667 27.
1771 1636 1775 1643 .

549 1674 638 1769 Cap.
655 1669 806 1745 XVIII.
831 1656 1137 1767 Repraesentatuiai
1154 1669 1250 1768 quod
1263 1670 1327 1765 qui
1349 1669 1387 1743 in
1399 1670 1487 1749 salfii
1502 1687 1539 1745 et
1560 1670 1665 1750 malis
1679 1665 1768 1759 sunt,
1783 1672 1909 1771 possint
1930 1698 1952 1763 a

498 1772 654 1845 Domino
669 1767 864 1855 reformari,
890 1764 975 1842 veis.
994 1793 1007 1841 1
1028 1770 1072 1842 ad
1091 1794 1135 1861 4³
1185 1790 1267 1839 uate
1283 1768 1345 1857 illi,
1362 1770 1526 1869 ,quipoll
1539 1770 1789 1869 prenitentiam
1803 1769 1839 1847 se
1862 1796 1952 1847 con·
2114 1764 2122 1797 ‘

473 1886 647 1956 uertunt,
673 1868 806 1943 tametsi
829 1867 868 1939 in
892 1864 983 1941 salsis
997 1884 1031 1941 et
1047 1794 1261 1955 malitium,
1281 1890 1303 1939 a
1321 1870 1480 1945 Domino
1493 1887 1733 1967 acceptantur,
1754 1871 1840 1945 vers.
1861 1892 1880 1968 ς
1905 1872 1952 1946 ad

501 1970 544 2053 a,
570 1966 730 2054 vicissim,
754 1966 852 2063 quod
867 1966 929 2062 qui
947 1967 984 2039 in
999 1968 1088 2041 veria
1114 1965 1205 2041 etin
1218 1966 1315 2039 bono
1326 1968 1415 2055 sunt,
1430 1986 1467 2040 ct
1483 1967 1619 2048 malum
1635 1968 1778 2056 faciunt,
1794 1986 1952 2066 pereant,

495 2062 581 2139 vers.
600 2090 637 2166 9,
658 2078 725 2150 103
748 2064 886 2139 dietum
914 2065 959 2139 ad
974 2063 1064 2152 illos,
1088 2063 1204 2163 quiin
1222 2063 1390 2154 Ecclesia,
1413 2084 1452 2139 ut
1471 2065 1720 2165 poenitentiam
1736 2083 1843 2167 agant
1858 2084 1893 2139 et
1917 2065 1951 2142 sc
1977 2070 1980 2076 ’

465 2174 710 2251 convertant,
728 2161 786 2237 sed
825 2162 896 2237 uod
912 2162 1037 2251 nolint,
1061 2162 1309 2260 vers.12,13;
1360 2164 1420 2239 uia
1434 2182 1557 2239 amant
1576 2163 1658 2239 tatu
1673 2166 1951 2263 omnisgcherie,
2049 2222 2054 2233 .

491 2280 531 2357 et
546 2287 610 2361 per
623 2263 661 2336 id
685 2191 879 2337 Ecclesiam
896 2262 993 2361 apud
1006 2262 1040 2333 se
1060 2260 1265 2349 annihilant,
1282 2188 1370 2337 vei.
1387 2264 1492 2354 14ad
1512 2264 1579 2349 163
1603 2286 1710 2363 quare
1718 2252 1953 2354 destruentur,

492 2361 582 2435 uers.
605 2382 672 2455 ¹7³
697 2360 792 2459 quod
808 2379 931 2437 conua
948 2358 1152 2449 Dominum,
1177 2378 1215 2432 et
1242 2361 1329 2435 inde
1339 2380 1465 2436 contra
1479 2361 1637 2436 Verbum
1653 2362 1762 2460 Ipsius
1786 2363 1821 2437 se
1835 2363 1951 2437 extol-
2067 2451 2070 2453 ,
2105 2431 2109 2446 ,

496 2460 584 2547 lant,
608 2461 871 2533 contemnendo
888 2456 1020 2553 ipsum,
1042 2479 1078 2535 et
1093 2459 1309 2535 falsificando
1324 2459 1425 2548 illud,
1442 2459 1530 2537 vers.
1545 2466 1613 2545 18,
1629 2461 1836 2555 lamentatio
1848 2459 1952 2559 super
1988 2498 1992 2503 ·

407 2546 412 2560 ’
481 2556 546 2646 td,
576 2555 661 2629 vers.
681 2566 743 2655 19,
763 2577 833 2655 ²0³.
852 2552 946 2649 quod
970 2554 1039 2625 illis
1066 2578 1140 2626 non
1163 2559 1305 2652 aliquod
1331 2558 1500 2635 Ecclefiae
1516 2583 1653 2650 verum,
1678 2561 1828 2659 ecquod
1842 2560 1953 2638 astute
2047 2633 2051 2637 ,
2193 2526 2197 2531 ⁸

493 2671 612 2755 agant,
629 2650 715 2727 vers.
736 2674 796 2743 21,
808 2675 878 2737 223
904 2650 1007 2749 quous
1017 2652 1089 2725 noii
1105 2652 1299 2735 condonari
1315 2655 1455 2753 possint,
1471 2657 1559 2731 vers.
1580 2681 1599 2730 2
1604 2659 1640 2756 3'.

543 2753 636 2852 Cap.
653 2750 763 2829 XIX.
791 2752 848 2827 De
875 2748 1033 2831 Ecclesia
1048 2750 1215 2839 instituta,
1242 2754 1393 2842 vers'13
1418 2754 1477 2829 sed
1501 2755 1598 2853 quod
1625 2777 1712 2836 vera·
1734 2773 1860 2829 eorum
1885 2780 1952 2853 per

391 2927 396 2940 ,
458 2852 570 2951 ,dira
585 2848 667 2927 salsa
682 2850 901 2937 delituerint,
917 2853 1011 2948 quod
1028 2850 1107 2924 idco
1124 2848 1280 2927 Ecclesia
1296 2854 1447 2951 perierit,
1464 2855 1550 2929 vers.
1567 2876 1601 2940 2,
1617 2877 1663 2950 33
1688 2854 1787 2948 quod
1801 2854 1952 2950 relique·
2065 2942 2070 2946 ,

427 3014 431 3021 .
490 2951 563 3027 rint
579 2948 790 3037 Dominum,
818 2968 854 3025 et
870 2950 1065 3027 amaverint
1087 2950 1182 3024 mala
1201 2949 1434 3037 scaturientia¹
1447 2977 1493 3027 ex
1509 2976 1632 3036 arrium
1651 2951 1714 3039 sui,
1743 2949 1830 3027 vers.
1847 2980 1885 3044 4,
1904 2974 1949 3048 ς)

490 3061 601 3148 quare
617 3073 688 3124 non
704 3048 859 3150 amplius
874 3048 924 3130 ibi
941 3046 1101 3126 Ecclesia
1115 3046 1176 3124 sed
1192 3048 1383 3141 insemuni,
1397 3050 1485 3134 vers.
1499 3052 1544 3138 6,
1562 3048 1728 3150 quodibi
1744 3069 1847 3126 erunt
1858 3052 1951 3128 inter

222 3229 226 3240 ,
385 3183 391 3192 ’
491 3149 778 3248 prophanatoree,
807 3147 892 3225 vers.
912 3170 947 3244 7,
969 3155 988 3222 8
1000 3186 1011 3234 ς
1038 3151 1101 3224 ubi
1126 3149 1254 3227 odium
1278 3150 1542 3236 interneciuum
1564 3151 1768 3241 interillos,
1797 3151 1949 3251 vers-91

491 3245 777 3346 representatum
794 3249 891 3344 quod
906 3247 1061 3320 Ecclesia
1079 3247 1130 3316 ibi
1146 3233 1319 3346 dellmsia
1333 3248 1388 3333 sit,
1412 3265 1452 3318 ut
1468 3269 1542 3323 uon
1556 3269 1593 3318 re
1700 3249 1835 3342 possit,
1862 3247 1949 3323 vers,
2011 3295 2018 3336 .·

475 3346 477 3350 ’
493 3373 517 3447 9
534 3346 580 3420 ad
599 3369 662 3429 113
688 3343 785 3441 quod
801 3343 983 3417 actualiter
1005 3339 1048 3414 sit
1063 3340 1112 3418 ibi
1128 3339 1319 3428 infernum,
1345 3343 1428 3438 quia
1444 3341 1532 3413 nihil
1549 3343 1584 3411 n’
1627 3365 1737 3436 quam
1763 3346 1952 3442 concupis.

324 3517 331 3530 ,
348 3530 358 3538 ,
492 3445 610 3520 centia
626 3446 756 3519 amoris
771 3439 835 3530 sui,
851 3440 937 3515 vers.
959 3461 1017 3530 12,
1037 3462 1105 3559 ¹3³
1131 3439 1231 3537 quod
1246 3439 1315 3514 lioc
1331 3439 1399 3514 illis
1415 3463 1479 3539 per
1496 3439 1651 3516 Verbum
1665 3439 1879 3538 pradictum
1894 3442 1951 3534 fit,
2040 3508 2054 3514 -

220 4595 223 4602 ¹
354 4659 400 4674 ··
486 4626 581 4725 ‚quia

116 4841 119 4853 ’
223 4775 261 4818 ⁹⁹
384 4805 406 4850 '⁴
499 4819 665 4917 versu.

454 3575 457 3582 ⁴
494 3541 583 3620 vers.
606 3567 664 3635 14,
685 3563 743 3714 ti.

543 3641 633 3742 Cap.
651 3641 689 3722 X

730 3638 889 3738 ..r'Quod
916 3636 1158 3737 blasphement
1185 3639 1360 3726 Verbum,
1388 3639 1473 3713 vers.
1491 3621 1537 3739 i,
1562 3662 1634 3737 2,·3
1648 3620 1781 3738 ,huod
1810 3639 1961 3717 venturi.
2058 3728 2063 3734 ,

432 3785 441 3798 ·
468 3740 687 3822 'interillos
712 3741 774 3838 qui
804 3737 1046 3840 blasphemant
1072 3756 1108 3812 et
1132 3736 1330 3810 adulterant
1345 3736 1816 3837 Verbum„rerl'.‘4;iquod
1831 3740 1955 3814 omnia

493 3861 576 3912 vera
600 3855 637 3911 et
664 3840 760 3914 b'ona
774 3837 883 3912 Verbi
906 3837 1152 3933 dispergentur,
1168 3835 1214 3904 ab
1229 3833 1314 3918 illia,
1338 3833 1425 3906 ved.
1445 3835 1680 3928 522-quurl'sic
1692 3840 1840 3934 periurii
1864 3860 1952 3915 cum

479 3935 580 4023 illia,
603 3935 687 4010 vers.
708 3937 753 4020 63
779 3934 982 4008 lamentatio
1005 3931 1110 4029 super
1125 3928 1359 4029 blasphemiae
1379 3933 1416 4011 in
1432 3921 1645 4019 Dominum,
1670 3937 1761 4012 etin
1778 3937 1951 4027 Verbum,

491 4032 582 4110 'vers
602 4057 639 4130 7,
657 4035 692 4124 8,
710 4060 747 4135 9,
767 4049 829 4119 io,
855 4030 914 4106 sed
929 4031 1059 4106 fiducia
1075 4028 1234 4116 Domino
1248 4032 1286 4102 iii
1300 4031 1429 4129 pugnis
1446 4029 1543 4126 quud
1559 4029 1719 4113 Verbum
1734 4050 1951 4130 protegatur,

495 4132 581 4208 vers.
603 4131 661 4222 11,
682 4149 739 4221 12,
760 4156 827 4230 ¹3³
850 4130 1048 4233 desperatio
1063 4130 1159 4228 quod
1178 4134 1225 4202 ita
1242 4130 1405 4204 siarcum
1421 4128 1553 4217 Verbp,
1570 4126 1662 4214 vers.
1683 4130 1894 4222 i4adi8„
2024 4174 2031 4184 ·

546 4236 637 4412 Cap.
653 4231 899 4399 Xxlffliod
927 4232 1105 4308 infernum
1131 4228 1456 4327 blasphematorum
1481 4227 1951 4344 Duuijpigetprophanatpn

496 4341 586 4408 turn.
627 4331 703 4406 erbl
719 4330 763 4400 ad
810 4347 857 4414 et,
881 4329 967 4402 vers.
991 4353 1024 4414 1,
1043 4328 1209 4424 21qu⁰d
1227 4327 1265 4401 id
1283 4327 1474 4426 nonpossit
1494 4352 1518 4402 a
1543 4327 1840 4419 Dominonveru,
1867 4331 1952 4428 quia

496 4428 563 4528 ipsi
579 4421 772 4505 adsciscunt
786 4425 851 4498 sibi
868 4426 970 4514 illud,
996 4423 1091 4498 vers.-
1101 4449 1138 4520 3,
1155 4455 1191 4516 4,
1212 4448 1230 4521 5
1245 4461 1255 4508 ς
1282 4425 1376 4521 quod
1383 4427 1513 4537 ‘onmia
1527 4444 1652 4502 eorum
1666 4427 1750 4500 talia
1765 4427 1844 4516 sint,
1860 4428 1949 4522 vers.

471 4531 544 4613 „55
569 4547 606 4600 et
667 4527 715 4601 od
731 4547 855 4602 omnes
871 4524 1030 4624 perituri,
1045 4524 1131 4596 vers.
1150 4546 1172 4616 7
1187 4559 1197 4606 ς
1217 4524 1319 4621 ⁷quod
1337 4548 1382 4621 pe
1396 4551 1435 4598 us
1451 4526 1494 4600 sit
1509 4525 1658 4620 illisqui
1671 4525 1952 4621 studentVerbo,

496 4553 1952 4822 ,1it'rriirtiiiatizaliie
2014 4719 2017 4723 1
2079 4757 2085 4762 -

548 4921 639 5021 Cap.
659 4919 791 4998 XXII.
818 4920 878 4996 Ad
895 4921 973 5018 ssipi
988 4921 1024 4993 in
1041 4919 1199 4994 Ecclesia
1214 4921 1276 5017 qni
1293 4920 1330 4992 in
1345 4879 1491 5005 scientia
1506 4943 1621 4994 rerum
1637 4886 1727 5014 sint,
1749 4921 1835 4997 vers.
1856 4944 1890 5009 1,
1901 4944 1950 5017 ‘25
1995 4911 1999 4916 ¹
2088 4878 2094 4884 ι

479 5059 482 5068 ·
498 5021 595 5118 qiiod
610 5021 636 5096 fi
654 5021 784 5098 saciant
798 5021 987 5116 sccundum
1003 5043 1085 5106 vera
1101 5019 1207 5095 Verbi
1217 5015 1259 5093 'et
1274 5017 1457 5094 scientiam
1471 5018 1581 5109 suani,
1594 5039 1716 5114 etiion
1733 5022 1793 5094 illa
1854 5041 1954 5093 rver-

480 5136 595 5222 Ψι.
613 5119 704 5245 lutet
717 5119 786 5208 ‘illia
801 5118 1040 5224 intelligentia,
1049 5115 1134 5208 sess
1152 5142 1190 5227 3»
1205 5149 1253 5216 43
1276 5120 1375 5222 quod
1391 5119 1548 5225 alioquin
1562 5120 1952 5320 perituruiptideligetpplipt,
2099 5234 2103 5239 ἢ
