4767 6125
1012 546 1210 721 ts>

356 781 518 869 Coelelli
550 803 589 869 et
606 782 761 870 Divino
780 782 985 901 spirituali
1014 784 1137 873 etiam
1153 788 1349 878 Divinum
1367 794 1575 899 Naturale,
1600 824 1675 916 per
1691 800 1803 916 quod
1825 806 1877 893 ab

358 891 666 1016 illionperatur.
721 900 913 983 Praeterea
942 900 1132 983 Sandluin
1162 898 1205 985 in
1231 904 1371 991 Verbo
1401 908 1529 996 solum
1561 911 1800 1025 praedicatur
1826 916 1879 1002 de

355 1002 511 1087 Divino
528 1008 651 1105 Vere,
679 1003 735 1106 ita
752 1005 803 1087 de
826 1007 1019 1106 Domino,
1047 1009 1116 1121 qui
1143 1011 1200 1094 ell
1218 1010 1416 1101 Divinum
1430 1020 1583 1103 Verum
1606 1043 1688 1105 tam
1709 1024 1877 1111 insensu

357 1112 506 1195 coelelli
547 1134 588 1195 et
625 1112 817 1307 spirituali
843 1146 966 1308 qlpam
1008 1116 1051 1207 in
1080 1118 1188 1204 sensu
1213 1126 1404 1223 naturali3
1452 1154 1710 1322 quapropter¹
1731 1132 1878 1219 dicitur

302 1322 307 1331 ,
355 1218 398 1344 itt
424 1223 685 1347 Apocalypi,
713 1223 824 1337 quod
898 1228 1054 1311 ominus
1089 1230 1136 1312 sit
1166 1231 1283 1315 Solus
1311 1236 1489 1335 santius,
1560 1270 1625 1353 ap.
1653 1270 1720 1326 xv.
1776 1274 1877 1355 ,43

353 1330 1035 1459 videaturinsuperAi‘ociititisis
1056 1340 1331 1441 Ravria‘rA,
1349 1377 1388 1430 ii.
1413 1374 1513 1457 173:
1544 1369 1630 1431 tum
1646 1380 1729 1461 quo
1775 1382 1876 1438 non-

349 1438 451 1663 jlupi
481 1442 603 1567 suerit
630 1445 799 1560 Spiritus
824 1445 1007 1547 sanetur,
1041 1447 1137 1561 quia
1163 1450 1275 1570 Jelur
1303 1457 1484 1541 nondum
1512 1458 1757 1573 glorificatus
1785 1462 1877 1574 fiiit,

375 1578 404 1633 o
436 1582 530 1637 ,vii
557 1583 623 1671 39.

406 1708 574 1900 Spiritus
602 1713 768 1799 Sanslus
797 1708 854 1795 est
881 1708 986 1795 idem
1011 1740 1106 1797 cum
1125 1711 1276 1797 Divina
1295 1717 1471 1831 Sphaeia,
1497 1725 1661 1835 quando
1679 1728 1874 1840 perhanc

350 1816 431 1903 inte
448 1821 583 1939 ligitur
607 1825 779 1907 Divinus
799 1824 928 1905 Amor
946 1842 987 1903 et
1011 1824 1162 1907 Divina
1186 1829 1404 1938 Sapientia,
1431 1861 1521 1943 quae
1540 1834 1622 1919 duo
1647 1839 1875 1953 procedunt

349 1930 566 2041 aJehovah
585 1932 765 2015 Domino
787 1960 810 2011 e
830 1929 922 2013 Sole
938 1930 1040 2015 Cteli
1054 1934 1119 2014 An
1148 1934 1253 2033 elici,
1282 1936 1379 2021 ficut
1400 1937 1522 2023 Calor
1546 1964 1586 2026 et
1613 1934 1707 2029 Lux
1731 1978 1755 2031 e
1777 1952 1873 2035 Sole

347 2038 496 2122 Mundi
510 2042 724 2141 Naturalis,
753 2060 794 2121 et
807 2036 959 2161 faciunt
977 2040 1094 2152 hujus
1113 1963 1327 2155 llihaeramr
1357 2050 1479 2134 Calor
1495 2053 1602 2137 enirn
1619 2084 1642 2137 e
1659 2056 1754 2140 Sole
1767 2060 1874 2145 Coeli

347 2148 535 2261 Angeliei
561 2149 603 2233 in
618 2150 692 2238 suo
707 2148 866 2234 elsentia
881 2147 936 2231 est
951 2150 1095 2249 Amor,
1121 2175 1162 2238 et
1179 2154 1275 2236 Lux
1292 2183 1345 2239 ex
1364 2160 1510 2245 eodem
1533 2164 1629 2247 Sole
1653 2163 1696 2247 in
1713 2166 1872 2256 essentia

342 2252 412 2449 ¹sna
440 2258 496 2461 pil}
525 2259 739 2375 Sapientia,
768 2256 913 2371 quibus
930 2256 1085 2343 duobus
1105 2261 1227 2347 Calor
1244 2286 1286 2348 et
1303 2268 1398 2357 Lux
1415 2300 1439 2353 e
1457 2270 1552 2360 Sole
1567 2272 1718 2358 Mundi
1741 2304 1876 2363 cone·

356 2396 442 2483 pon
493 2390 548 2467 ut

862 2598 1354 2649 nm

591 2956 593 2959 Ι
692 2773 1123 2941 Quias'rio
1207 2827 1520 2918 sitiri.
1655 2912 1658 2917 ,

220 3040 231 3057 ·
398 3008 466 3094 An
491 3006 684 3098 Divinum
713 3016 947 3106 Humanum
962 3018 1132 3136 Jehovae
1154 3036 1248 3102 ante
1264 3009 1589 3102 lucarnationem
1607 3008 1683 3101 luit
1700 3016 1870 3134 Persona

341 3117 541 3204 subsistens
574 3121 720 3234 perse,
755 3123 855 3214 sicut
885 3131 1076 3230 Exillere,
1100 3132 1264 3226 «Forma,
1292 3125 1358 3208 seu
1383 3126 1542 3238 Corpus
1569 3125 1663 3227 Dei,
1690 3128 1769 3214 sive
1792 3131 1871 3222 fuit

341 3229 486 3312 Forma
505 3231 699 3343 Angelica
718 3263 794 3346 pro
809 3241 1017 3324 occasione
1034 3240 1189 3353 sumpta
1208 3236 1260 3318 ad
1280 3234 1438 3317 caulam
1456 3230 1815 3327 manifestationis?

398 3385 548 3468 Annon
579 3386 763 3497 sequitur,
800 3393 911 3500 quod
933 3393 1129 3477 Divinum
1156 3394 1393 3475 Humanum
1421 3404 1516 3468 ante
1543 3371 1868 3486 incarnationem

341 3493 538 3578 diversum
565 3494 646 3618 fuit·
667 3528 692 3579 a
717 3497 870 3582 Divino
889 3505 1080 3586 Humano
1099 3533 1206 3588 nunc
1225 3497 1315 3618 post
1338 3494 1675 3604 Incamationem,
1702 3529 1796 3592 cum
1820 3507 1869 3596 ln

224 3693 230 3704 ‚
340 3603 508 3689 Persona
525 3605 693 3689 Domrni
711 3608 757 3692 sit
775 3609 924 3696 Divina
943 3613 1155 3700 Trinitas?

745 3903 1455 3994 RESPONDETUR.

364 4109 367 4116 '
398 4091 506 4173 Ante
536 4088 857 4175 Incarnationem
885 4117 970 4172 non
999 4085 1074 4174 fuit
1101 4083 1266 4196 aliquod
1288 4083 1484 4170 Divinum
1511 4087 1759 4184 Humanum,
1789 4085 1861 4171 nit

342 4201 701 4312 repiaelentativuiu
727 4213 732 4221 '
762 4230 804 4283 er
833 4199 1007 4310 aliquem
1037 4195 1252 4309 Angelum,
1296 4223 1419 4307 quem
1446 4197 1632 4310 Jehovah
1659 4196 1873 4283 Dominus.

341 4311 412 4395 suo
448 4311 596 4436 Spiritu
639 4233 833 4422 implavit,
878 4333 923 4394 ut
965 4308 1082 4421 supra
1119 4304 1270 4390 ditium
1303 4305 1389 4406 ell;
1435 4330 1478 4392 et
1513 4305 1607 4420 quia
1649 4304 1750 4389 illud
1784 4302 1861 4393 fuit

344 4421 715 4532 repraelentativuin,
743 4419 836 4501 ideo
850 4417 986 4501 omnia
1002 4416 1188 4500 Ecclesiae
1206 4443 1257 4496 eo
1275 4438 1458 4530 ternpore
1476 4417 1637 4501 fuerunt
1654 4415 1862 4527 repraelen·

340 4531 476 4629 tativa,
503 4551 544 4612 et
563 4531 660 4614 ficut
679 4529 853 4623 umbrae3
887 4549 927 4610 at
947 4527 1034 4640 poll
1053 4523 1373 4612 lucarnationem
1385 4529 1635 4623 ‘cellavenint
1652 4524 1861 4638 repraesen-

340 4640 477 4737 tativa,
515 4663 584 4732 aut
610 4639 706 4722 sicut
735 4639 885 4725 umbrae
917 4637 1088 4762 velperae
1118 4656 1188 4718 aut
1226 4633 1352 4718 noetis
1385 4665 1480 4720 euni
1506 4637 1632 4719 oritur
1662 4635 1748 4720 sol.
1806 4641 1864 4724 At

337 4752 570 4834 Humanum
586 4748 942 4862 repraesentativum
948 4792 963 4846 ,·
984 4775 1127 4859 inquo
1140 4744 1325 4859 Jehovah
1343 4768 1440 4831 tunc
1460 4747 1497 4831 se
1516 4747 1609 4829 stitit
1627 4745 1669 4828 in
1687 4747 1865 4848 Mund0,

214 4945 218 4951 ,
340 4881 431 4942 ante
456 4859 649 4942 attualem
669 4859 887 4942 adventum
905 4858 1041 4982 Ipsius,
1069 4886 1152 4942 non
1170 4854 1257 4940 suit·
1274 4853 1376 4940 illius
1395 4857 1593 4956 efficaciae,
1613 4880 1658 4939 ut
1680 4857 1867 4968 potuisset

306 5053 315 5058 ,
338 4970 592 5084 spiritualiter
616 4969 806 5053 illustrare
833 4969 1040 5068 homines3
1078 4995 1203 5080 quare
1230 4965 1436 5053 illustratio
1462 4990 1558 5053 tunc
1587 4967 1707 5054 fiebat
1739 4965 1865 5053 modo

341 5113 415 5204 per
433 5087 574 5196 Typos
594 5105 634 5166 et
652 5085 682 5165 F
683 5078 826 5195 igniat.

626 5327 651 5391 2
1492 5293 1868 5410 ounsrio
1979 5384 1987 5400 .
2103 5308 2111 5320 ·
2201 5250 2212 5281 ”
2278 5225 2290 5308 ⁵
